1915 3293
927 376 982 423 14

311 501 373 543 vel
419 512 460 544 ut
503 504 688 551 dubium,
727 503 911 559 rejiciat;
964 506 1013 545 ad
1049 505 1088 545 id
1140 520 1233 546 vero
1273 503 1594 560 dijudicandum,

311 579 541 634 linguarum
577 581 686 621 rudis
723 583 826 621 adeo
863 596 943 620 non
984 590 1046 621 est
1065 589 1201 635 aptus,
1228 591 1271 621 ut
1294 596 1428 635 neque
1465 580 1597 634 ipsam

310 656 592 710 quaestionem,
629 673 718 712 quae
756 666 817 697 est
852 658 902 696 de
943 656 1075 696 verbis
1120 657 1344 711 archetypi,
1385 656 1596 711 intelligat,

311 748 460 788 neque,
499 733 531 774 si
568 734 756 776 criticum
791 736 897 788 legat
943 733 1297 781 commentarium,
1342 734 1461 775 facile
1505 749 1599 788 per-

311 810 449 864 cipere
481 811 869 865 possit.—Quodsi
912 811 1129 851 difficultas
1175 821 1237 850 est
1279 811 1596 857 hermeneutica‚

310 884 508 940 interpres
533 903 582 926 ex
619 903 693 927 suo
721 887 884 942 judicio
917 902 1080 927 sensum
1119 885 1307 933 reddidit,
1342 886 1425 940 qui,
1460 902 1509 926 an
1549 887 1599 927 sit

308 961 500 1008 authoris,
544 962 757 1016 quaeritur3
796 971 917 1017 atque
955 962 1125 1016 quaestio
1155 971 1218 1002 est
1254 961 1315 1002 vel
1346 963 1396 1001 de
1432 961 1598 1002 notione

308 1037 539 1084 verborum,
577 1039 637 1077 vel
673 1038 724 1077 de
761 1053 881 1078 sensu
916 1037 1142 1091 plrrasium,
1166 1039 1227 1077 vel
1250 1038 1300 1077 de
1324 1036 1479 1077 ratione
1503 1052 1599 1090 syn-

305 1121 445 1152 taxeos
469 1113 694 1168 archetypi,
722 1116 831 1173 quod
868 1113 900 1154 si
928 1130 1008 1154 non
1043 1113 1232 1167 intelligit
1266 1112 1496 1167 theologus,
1534 1113 1597 1167 ip—

307 1202 397 1227 sun]
424 1204 588 1242 quoque
615 1197 764 1229 statum
797 1188 1032 1242 quaestionis
1070 1203 1152 1228 non
1188 1196 1325 1241 potest
1349 1187 1596 1241 perspicere,

305 1263 435 1304 multo
460 1263 594 1305 minus
620 1264 862 1305 sententiam
889 1263 1218 1305 ferrer-Bffulta
1243 1272 1335 1304 sunt
1358 1264 1479 1319 hujus
1501 1263 1599 1304 utri-

307 1354 436 1393 usque
471 1339 630 1392 generis
667 1339 772 1386 loca,
811 1354 914 1394 quae,
953 1339 1048 1394 quia
1088 1338 1310 1379 difficultas
1344 1338 1383 1378 in
1416 1339 1599 1380 versione

306 1429 388 1455 non
413 1425 597 1469 apparet,
630 1415 758 1469 ignari
784 1418 832 1456 ad
869 1416 1045 1456 lubitum
1081 1432 1198 1456 suurn
1233 1425 1444 1469 usurpant,
1477 1424 1519 1455 et
1550 1415 1596 1455 iis

306 1505 454 1543 magno
496 1491 706 1532 molimine
756 1500 1040 1545 superstruunt
1075 1491 1280 1532 doctrinas
1325 1491 1595 1545 gravissimas,

305 1580 382 1604 nec
418 1567 644 1611 advertunt,
688 1581 729 1605 se
765 1564 874 1604 omni
914 1581 985 1604 suu
1025 1563 1289 1606 contentione
1328 1564 1427 1604 nihil
1465 1581 1598 1619 agere.

305 1640 353 1681 ld
375 1640 576 1696 exemplis
601 1640 858 1687 confirmare,
885 1638 983 1680 nihil
1021 1638 1175 1693 negotii
1200 1650 1320 1688 esset,
1346 1639 1377 1680 si
1402 1641 1526 1681 modo
1549 1641 1598 1681 li-

303 1715 421 1757 mites
445 1717 565 1771 hujus
590 1715 877 1769 disputationis
905 1723 1114 1768 caperent.

370 1791 482 1845 Apte
521 1789 702 1831 occurrit
736 1800 775 1829 et
812 1789 925 1836 illud,
970 1791 1080 1844 quod
1117 1801 1177 1830 est
1222 1789 1345 1830 totius
1382 1790 1597 1845 theologiae

305 1866 630 1910 fundamentum,
670 1879 803 1917 neque
829 1873 964 1903 tamen
1002 1863 1088 1903 sine
1124 1863 1261 1904 subtili
1286 1872 1327 1903 et
1352 1862 1493 1903 intima
1518 1863 1597 1905 lin-

304 1955 474 1993 guarum
520 1938 772 1979 Biblicarum
827 1938 1062 1991 cognitione
1108 1937 1202 1978 satis
1247 1937 1397 1978 firmari
1446 1947 1595 1992 potest,

304 2030 553 2070 Ὑνησιοτης,
586 2013 768 2068 inquam,
805 2029 1011 2054 sacrorum
1050 2013 1262 2060 librorum,
1299 2029 1377 2067 qua
1413 2015 1597 2054 labefac-

305 2100 401 2138 tata,
438 2089 517 2129 ruit
553 2088 773 2129 authoritas
800 2089 943 2128 horum
978 2090 1336 2135 documentorum,
1375 2097 1415 2127 et
1437 2089 1597 2129 theolo-

304 2165 378 2219 giae
404 2163 623 2205 aedificium
656 2162 859 2203 evertitur.
921 2162 1023 2203 Haec
1050 2162 1174 2210 enim,
1200 2178 1436 2216 ’γνησιοτης
1462 2178 1598 2203 sacro-

302 2255 395 2281 rum
432 2238 642 2284 librorum,
681 2252 828 2290 magna
859 2253 907 2277 ex
935 2246 1047 2291 parte
1074 2238 1225 2291 pendet
1261 2253 1283 2278 a
1308 2236 1415 2277 varia
1449 2237 1596 2291 linguae

305 2326 347 2357 et
371 2315 450 2356 stili
476 2314 626 2360 indole,
660 2328 749 2368 quae
787 2328 861 2367 pro
890 2312 1120 2363 diversitate
1157 2312 1283 2353 vetatis
1320 2321 1360 2352 et
1384 2314 1596 2354 authorum

302 2391 519 2445 discrepat.
592 2388 799 2434 Quaelibet
833 2387 942 2428 enim
976 2397 1086 2435 aetas,
1125 2397 1169 2428 et
1201 2387 1330 2442 quivis
1351 2389 1495 2429 author
1520 2389 1597 2430 alia

305 2466 501 2508 nonnulla
523 2467 646 2506 habet
668 2466 803 2511 verba,
826 2475 865 2504 et
890 2464 986 2504 alias
1022 2463 1234 2519 quaspiam
1261 2464 1442 2517 phrases,
1469 2463 1597 2505 alium

306 2543 525 2596 quemdam
550 2548 657 2579 amat
682 2547 883 2585 ornatum,
910 2547 949 2578 et
981 2538 1058 2579 alia
1073 2538 1286 2593 *quaepiam
1313 2538 1506 2579 orationis
1531 2539 1596 2579 lu-

301 2615 427 2666 mina,
452 2624 572 2670 atque
604 2613 721 2654 aliani
755 2612 876 2653 totius
914 2612 1105 2655 orationis
1145 2612 1513 2656 conformationem
1558 2623 1597 2654 et

309 2691 424 2746 quasi
462 2692 667 2740 ‹:olorem;
712 2688 856 2743 quodsi
885 2688 1020 2742 lingua
1046 2699 1086 2730 et
1112 2688 1230 2730 stilus
1256 2688 1376 2743 genio
1405 2689 1594 2730 authoris.
