1915 3293
869 349 934 395 30

263 460 495 503 Christiana
520 462 715 517 postulet,
755 462 838 503 imo
862 462 993 517 plura,
1027 479 1118 519 quae
1143 461 1307 504 maximi
1332 469 1425 502 sunt
1462 477 1552 502 mo-

258 536 398 587 menti,
422 537 638 592 magnifice
674 539 1152 584 contemnunt.—Quod
1176 547 1312 579 autem
1342 536 1553 578 concernit

260 612 571 661 controversias,
622 629 712 668 quae
750 629 800 653 ex
843 612 979 654 studio
1018 612 1247 666 linguarum
1288 622 1415 654 enatae
1461 627 1551 653 esse

259 686 462 736 dicuntur,
489 688 753 742 cogitandum
780 696 856 739 est,
894 704 963 729 eas
997 704 1164 744 quoque
1196 697 1289 729 ante
1314 704 1436 743 quam
1468 697 1553 729 stu-

258 762 369 803 dium
393 763 622 817 linguarum
646 764 872 814 revixisset,
905 764 945 804 in
966 764 1048 815 illa,
1076 780 1184 804 nunc
1207 765 1408 812 obsoleta,
1433 764 1551 804 theo-

259 839 368 893 logia
395 841 656 892 scholastica,
689 840 856 881 minime
895 840 1090 888 defuisse,
1123 840 1206 881 imo
1232 838 1408 881 diversas
1432 840 1552 880 theo-

257 913 444 969 logorum
471 917 633 956 scholas
656 915 705 956 iis
727 931 850 971 quam
872 915 1046 956 maxime
1071 916 1283 966 ferbuisse,
1306 915 1403 971 quin
1416 924 1552 956 tamen

257 991 471 1046 quisquam
514 1008 581 1032 eas
626 992 786 1033 crimini
844 993 970 1033 daret.
1039 992 1178 1048 Atque
1225 1008 1334 1033 nunc
1385 1007 1549 1047 quoque

256 1063 539 1105 controversiae
566 1063 605 1104 iu
630 1063 718 1105 aliis
745 1063 925 1105 scientiis
958 1081 1040 1106 non
1069 1067 1231 1118 desunt,
1255 1081 1389 1120 neque
1414 1073 1549 1106 tamen
1605 1086 1611 1089 -

256 1141 296 1182 in
333 1141 443 1195 ipsas
481 1140 671 1182 scientias
716 1144 998 1194 refunduntur,
1037 1144 1109 1183 sed
1144 1159 1193 1183 ex
1229 1143 1386 1183 diversa
1415 1142 1552 1183 erudi-

256 1217 378 1266 tione,
404 1226 444 1258 et
470 1233 519 1258 ex
556 1217 722 1258 diversis
755 1218 1003 1259 eruditorum
1035 1218 1315 1270 facultatibus,
1349 1218 1551 1273 cognitio-

253 1294 371 1334 nibus
396 1303 436 1334 et
459 1293 744 1335 affectionibus
768 1303 1023 1349 repetuntur,
1049 1311 1126 1336 nec
1151 1304 1368 1336 censentur
1390 1304 1550 1336 tantum

255 1370 423 1417 malum,
450 1379 493 1410 ut
516 1378 734 1424 propterea
760 1372 912 1412 scholae
949 1380 990 1412 et
1026 1371 1286 1413 bibliothecae
1313 1373 1550 1413 claudendae

255 1446 548 1488 existimentur.
619 1446 707 1488 Cur
763 1446 902 1502 itaque
946 1448 1229 1489 controversiae
1284 1448 1359 1489 soli
1416 1448 1550 1489 studio

252 1520 481 1574 linguarum
506 1518 777 1567 orientalium,
803 1520 898 1560 vitio
921 1521 1155 1561 vertuntur?
1187 1520 1349 1566 Quodsi
1369 1520 1550 1560 studium

253 1597 484 1651 linguarum
521 1596 669 1647 solum,
706 1595 798 1637 ideo
834 1598 1111 1637 damnandum
1147 1613 1235 1637 esse
1273 1605 1457 1644 censent,
1490 1596 1549 1638 vi-

253 1673 387 1720 deant,
426 1687 476 1712 ne
508 1681 738 1725 repugnent
780 1682 990 1726 perpetuae
1034 1681 1075 1713 et
1114 1671 1295 1712 unanimi
1338 1671 1547 1712 sententiae

254 1748 376 1789 totius
408 1747 609 1797 ecclesiae,
655 1763 760 1801 quae,
803 1742 879 1787 etsi
919 1763 1037 1788 usum
1075 1747 1305 1788 versionum
1342 1748 1548 1801 adproba-

254 1823 324 1871 vit,
361 1839 426 1864 eas
465 1832 615 1873 tamen,
654 1839 728 1877 per
771 1822 986 1877 theologos
1024 1823 1253 1878 linguarum
1293 1822 1462 1877 peritos,
1497 1825 1547 1863 ad

252 1901 518 1954 archetypum
543 1899 690 1953 corrigi
715 1899 883 1950 curavit,
916 1911 957 1940 et
981 1900 1111 1954 ipsam
1138 1914 1303 1955 quoque
1325 1898 1547 1953 Vulgatam

252 1978 306 2018 ita
350 1984 575 2017 correctam
623 1975 824 2030 suscepit,
884 1992 965 2031 quo
1013 1975 1105 2030 ipso
1163 1977 1289 2026 facto,
1332 1974 1547 2016 scientiam

253 2054 480 2108 linguarum
522 2068 611 2093 esse
651 2052 940 2101 necessariam,
981 2051 1449 2093 declaravit.—Locum
1483 2051 1547 2092 hic

254 2137 472 2175 merentur,
517 2143 606 2183 quae
641 2127 737 2168 olim
783 2127 932 2168 Cicero
968 2130 1018 2169 de
1058 2127 1342 2169 controversiis
1378 2127 1546 2183 quibus-

253 2221 417 2261 cunque
457 2203 698 2256 observavit,
733 2203 872 2245 scribit
909 2204 1041 2246 enim:
1099 2205 1130 2223 ‘⁶
1146 2214 1303 2246 tantum
1335 2206 1464 2252 abest,
1502 2213 1545 2245 ut

255 2283 282 2303 “
307 2282 430 2324 scribi
455 2291 596 2323 contra
621 2298 694 2323 nos
720 2282 911 2331 nolimus,
938 2292 981 2324 ut
1004 2283 1043 2324 id
1078 2283 1200 2325 etiam
1224 2300 1346 2339 quam
1372 2282 1544 2324 maxime

255 2359 286 2376 ‘⁶
311 2368 528 2413 optemu53
577 2358 616 2399 in
654 2357 742 2412 ipsa
779 2358 885 2399 enim
920 2359 1098 2408 Graecia,
1138 2358 1398 2415 philosophia
1433 2368 1544 2401 tanto

255 2434 284 2455 “
311 2432 351 2474 in
375 2434 529 2474 honore
553 2448 761 2488 nunquam
798 2433 959 2485 fuisset,
986 2435 1059 2476 nisi
1083 2435 1416 2477 doctissimorum
1444 2450 1544 2476 con-

257 2515 284 2529 “
310 2511 560 2552 tentionibus
595 2511 999 2568 dissensionibusque
1047 2513 1260 2568 viguisset.
1282 2541 1293 2553 .
1314 2545 1325 2554 .
1349 2545 1358 2553 .
1374 2543 1384 2552 .
1403 2513 1547 2567 ltaque

257 2588 283 2606 “
308 2586 405 2627 mihi
429 2602 590 2641 semper
617 2586 987 2642 Peripateticorum
1024 2587 1341 2642 Academiaeque
1369 2598 1546 2628 consue-

260 2664 286 2684 “
312 2664 426 2712 tudo,
462 2663 511 2703 de
543 2662 733 2705 omnibus
771 2665 892 2705 rebus
921 2663 960 2704 in
986 2663 1204 2706 contrarias
1247 2671 1380 2717 partes
1415 2662 1545 2703 disse·
