1915 3293
914 348 977 395 85

313 471 382 514 De
411 470 561 513 critica
597 471 720 511 Sacra
743 471 917 512 Arabica
956 470 1130 512 videatur
1169 469 1331 512 omnino
1362 470 1598 531 Carpzovii·

377 548 527 591 Critica
551 547 665 589 Sacr·
691 563 784 603 cap.
802 565 838 588 v.
869 546 907 602 §.
924 553 965 589 3.
1000 546 1107 588 Bibl.
1133 547 1224 588 Pol.
1248 546 1380 588 Lond.
1414 546 1573 602 Proleg.

379 627 500 669 XIV.
537 637 576 669 et
600 627 760 669 Eiuleit.
785 627 823 668 in
846 628 916 668 das
941 625 1026 668 Alt.
1050 625 1167 668 Test.
1205 626 1255 667 B.
1281 639 1312 665 1.
1346 624 1384 679 §.
1409 630 1505 671 275.

313 725 361 767 P.
386 724 526 768 Simon
547 724 729 767 Histoire
752 723 934 780 Critique
953 725 1007 765 du
1025 723 1158 766 Vieux
1176 721 1429 774 Testament,
1456 721 1574 764 Livre

376 799 433 841 ΙΙ.
471 800 605 856 Chap.
623 801 699 842 xvi.

310 896 549 954 Breithaupt
581 897 642 940 D.
665 896 1039 940 commentationes
1072 897 1112 939 in
1150 897 1389 940 Saadianam
1426 897 1575 939 versio-

375 990 468 1016 nem
493 973 634 1017 Iesaiae
657 975 892 1017 Arabicam.
955 1008 1204 1018 ......
1240 974 1426 1024 Rostock,
1454 981 1573 1021 1819.

309 1076 626 1118 Dissertationes
657 1076 1098 1133 philologico-Criticae
1135 1075 1381 1118 Schnurreri.
1421 1073 1576 1123 Gotlzae,

1453 1157 1571 1198 1790.

309 1251 461 1294 critica
494 1253 617 1295 Sacra
641 1252 804 1293 Masch.
830 1251 924 1292 Vol.
943 1251 977 1292 Ι.
1004 1251 1102 1292 Pars
1123 1249 1162 1291 ii.
1198 1247 1323 1291 sectio
1344 1254 1382 1292 5.

306 1350 516 1394 Adeantur
537 1360 730 1407 praeterea
763 1351 791 1370 “
810 1350 981 1393 Notices
1001 1359 1041 1391 et
1066 1350 1241 1391 Extraits
1269 1350 1339 1389 des
1366 1348 1498 1389 MSS.
1524 1347 1573 1387 de

370 1427 409 1469 la
434 1427 722 1484 Bibliotheque
745 1430 799 1470 du
821 1427 917 1469 Roi.
954 1427 1079 1469 Paris.
1152 1426 1204 1468 It.
1241 1425 1363 1467 Tomi
1395 1423 1575 1466 nonnulli

371 1506 422 1546 de
447 1503 684 1556 l’Academoe
713 1506 782 1546 des
806 1504 1141 1560 Inscriptiones.''
1177 1503 1304 1544 Paris.
1353 1511 1393 1544 et
1417 1500 1573 1543 Biblio-

371 1581 488 1624 theca
512 1581 688 1623 Arabica
715 1582 962 1630 Schnurreri‚
1000 1597 1121 1637 supra
1144 1580 1304 1622 laudata

756 1930 922 1983 SEc'r.
963 1929 1120 1982 XVI.

392 2098 465 2135 DE
494 2096 704 2134 LINGUA
735 2094 1046 2132 AETHIOPJCA
1075 2094 1143 2130 ET
1169 2094 1479 2135 AMHARICA.

273 2240 402 2284 s''Jobi
427 2241 593 2284 Ludolfi
628 2239 905 2283 Grammatica
930 2238 1181 2296 AEthiopica,
1225 2240 1357 2284 Editio
1381 2243 1568 2284 secunda.

1000 2313 1189 2373 Francos.
1214 2317 1271 2358 ad
1293 2317 1419 2359 Moen.
1449 2322 1566 2362 1702.

656 2412 837 2454 Lexicon
886 2413 1153 2470 AEthiopico-
1165 2414 1373 2467 Latinum,
1434 2415 1570 2457 Editio

370 2493 546 2533 secunda
551 2523 1330 2535 .................
1365 2493 1419 2535 ib.
1446 2494 1566 2542 1699.

306 2590 487 2632 Lexicon
511 2590 791 2647 AEthiopicum
814 2592 937 2634 edidit
969 2592 1169 2635 Castellus
1194 2593 1232 2634 in
1258 2593 1361 2636 Lex.
1404 2594 1564 2649 Hepta-

372 2672 512 2725 glotto,
539 2670 606 2710 sed
632 2668 802 2711 editione
839 2671 1013 2712 secunda
1050 2670 1210 2712 Ludolfi
1251 2673 1366 2725 longe
1391 2671 1565 2713 inferius.
