1915 3293
921 338 985 382 40

371 458 575 500 Patientia
599 459 735 514 utique
762 458 801 498 iu
839 458 899 498 his
929 459 1156 499 necessaria
1181 468 1255 511 est,
1294 473 1424 512 neque
1460 456 1589 511 indig-

300 536 494 581 nandum,
539 543 606 575 aut
643 534 996 585 stomachandum,
1036 533 1069 574 si
1106 534 1209 574 forte
1252 550 1343 585 vox,
1384 542 1427 574 ut
1465 532 1589 583 notio,

302 628 393 667 quae
410 613 498 667 jam
524 627 708 667 persaepe
733 619 980 660 occurrerat,
1007 619 1141 650 mente
1175 626 1307 652 rursus
1346 613 1484 665 elapsa
1517 619 1591 661 est,

299 693 343 724 ut
368 686 503 726 denuo
529 694 731 736 annotata,
759 693 827 725 aut
847 684 978 725 lexica
1002 682 1253 738 inspicienda
1278 684 1383 735 sint3
1432 685 1464 725 si
1496 685 1589 739 jac-

297 768 388 800 tura
416 760 502 801 haec
538 777 656 815 aequo
693 760 828 802 animo
864 762 1003 812 fertur,
1041 761 1166 800 haeret
1200 761 1365 800 demum
1400 776 1490 809 vox,
1523 769 1592 801 aut

296 835 410 877 notio
455 837 608 878 firmius
655 837 875 890 memoriae,
920 853 1042 893 quam
1086 837 1119 878 si
1162 837 1198 879 ei
1239 853 1334 878 cum
1379 838 1590 878 stomacho

297 913 465 952 obtrusa
490 912 646 953 fuisset.
712 913 755 952 Si
790 914 868 953 hoc
895 912 1133 954 exercitium
1168 928 1241 967 per
1275 911 1429 967 aliquot
1466 926 1592 952 annos

297 986 619 1028 continuaverint
650 987 833 1037 studiosi,
869 988 1056 1039 sentient,
1084 1004 1126 1029 se
1162 987 1318 1043 linguas
1352 1003 1433 1028 non
1463 989 1591 1028 multo

295 1063 439 1118 majori
473 1063 611 1105 labore
641 1064 843 1115 didicisse,
880 1081 1001 1120 quam
1027 1081 1109 1120 quo
1145 1064 1299 1119 parvuli
1336 1065 1591 1104 vernaculam

297 1140 453 1182 discere
481 1144 629 1183 solent.
688 1142 852 1188 Quodsi
875 1142 914 1183 in
940 1159 1024 1184 rem
1048 1158 1161 1184 suam
1194 1142 1400 1197 quaepiam
1439 1143 1591 1183 habent

295 1216 467 1271 parvuli,
494 1217 643 1272 quibus
680 1227 819 1258 carent
854 1218 992 1270 adulti,
1030 1217 1088 1259 uti
1113 1217 1367 1258 vacationem
1403 1220 1454 1258 ab
1479 1217 1590 1258 omni

296 1290 378 1331 alio
402 1291 585 1346 negotio,
612 1300 733 1347 atque
759 1308 927 1333 vacuam
965 1303 1005 1334 et
1030 1292 1122 1333 hinc
1149 1280 1397 1334 tenaciorem
1430 1308 1589 1333 memo-

294 1365 420 1407 riam:
468 1378 706 1421 premuntur
745 1375 881 1408 tamen
916 1367 1243 1419 difficultatibus,
1285 1368 1431 1422 quibus
1473 1368 1589 1409 liberi

295 1449 388 1482 sunt
412 1441 553 1491 adulti,
592 1442 649 1483 uti
683 1444 849 1484 defectu
874 1443 1055 1484 omnium
1092 1444 1321 1496 notionum,
1347 1454 1387 1485 et
1420 1459 1590 1498 praeser-

293 1516 364 1557 tim
408 1520 702 1559 abstractarum
739 1527 780 1559 et
815 1518 1123 1570 insensibilium,
1161 1535 1261 1574 quas
1303 1535 1351 1559 ex
1389 1520 1590 1576 adjunctis

292 1601 334 1633 et
377 1592 477 1633 serie
517 1593 709 1634 orationis
742 1610 882 1635 eruere
925 1596 1091 1647 debent,
1134 1595 1261 1636 adulti
1298 1611 1393 1636 vero
1432 1611 1481 1637 ex
1519 1612 1589 1637 ore

291 1667 477 1710 docentis
516 1669 701 1721 audiunt,
742 1672 805 1711 vel
845 1686 894 1711 ex
938 1670 1072 1712 lexico
1109 1680 1269 1726 petunt,
1313 1688 1360 1712 ac
1403 1671 1588 1725 pluribus

292 1744 378 1786 aliis
418 1745 672 1786 adminiculis
710 1748 901 1801 parvulos
936 1748 1051 1787 valde
1089 1755 1299 1801 superant,
1335 1746 1392 1788 uti
1426 1746 1590 1801 ingenio

290 1830 465 1872 maturo,
508 1821 770 1862 facultatibus
811 1820 1000 1872 excultis,
1045 1821 1280 1862 notionibus
1321 1821 1586 1876 plurimarum

287 1911 437 1947 rerum,
473 1904 513 1936 et
560 1895 747 1951 analogia
787 1896 949 1951 linguae,
991 1912 1040 1936 ex
1083 1895 1365 1938 Grammatica
1408 1897 1586 1953 cognita.

288 1969 333 2010 Si
370 1969 505 2025 itaque
548 1970 721 2024 parvuli,
758 1979 801 2011 ut
838 1986 960 2025 supra
996 1970 1185 2020 diximus,
1223 1980 1398 2027 quatuor
1429 1972 1587 2027 linguas

289 2062 455 2101 prorsus
498 2043 693 2098 diversas,
739 2046 824 2087 sine
864 2046 1068 2097 molestia,
1109 2057 1148 2088 et
1185 2047 1300 2102 quasi
1337 2065 1410 2103 per
1453 2050 1587 2089 lusum

291 2122 476 2164 discunt:
524 2122 622 2178 quid
645 2132 721 2174 est,
749 2125 859 2178 quod
892 2123 1033 2175 adulti,
1060 2124 1128 2180 qui
1167 2132 1227 2165 tot
1261 2123 1448 2179 praesidia
1483 2141 1589 2179 prae-

291 2198 415 2254 cipua
435 2199 600 2248 habent,
639 2197 815 2253 parvulis
848 2201 1063 2254 denegata,
1095 2201 1145 2240 de
1183 2199 1388 2242 discendis
1413 2208 1587 2256 quatuor

289 2274 489 2327 dialectis,
515 2291 660 2330 parum
697 2275 1037 2331 discrepantibus,
1064 2277 1389 2331 conquerantur?
1437 2276 1587 2317 Annon

627 2421 1250 2436 oneo-eaeeeaeemoeoooaeaeonmoo

291 2509 495 2546 dummodo
513 2510 548 2545 id
568 2522 640 2546 non
660 2509 726 2546 fiat
753 2511 799 2547 ab
819 2510 952 2547 adultis
983 2511 1020 2547 in
1048 2511 1277 2549 addiscendis
1307 2511 1453 2560 linguis,
1480 2512 1541 2548 sed
1561 2524 1584 2548 a

293 2572 478 2621 parvulis3
515 2572 643 2619 adulti,
660 2572 720 2622 qui
739 2573 959 2610 memoriam
979 2587 1146 2613 exercere
1163 2574 1303 2622 volunt,
1325 2575 1488 2613 ediscant
1502 2575 1582 2612 loca

288 2635 525 2685 scriptorum,
552 2648 631 2685 quae
651 2641 778 2674 notatu
798 2637 909 2686 digua
928 2643 1024 2676 sunt.
