1915 3293
928 343 981 390 81

307 464 602 509 pentateuchus
643 465 1114 508 Hebraeo-Samaritanus
1144 468 1206 507 ed.
1243 465 1433 520 Blayney‚

1249 539 1412 594 Oxonii,
1444 549 1558 591 1790.

308 628 481 671 Prefatio
509 627 709 670 Eichornii
741 631 789 669 ad
812 644 954 669 novam
987 628 1281 670 Bibliothecam
1315 628 1559 671 Hebraicam

364 690 580 753 Koecheri,
607 713 661 756 et,
688 703 917 759 Einleitung
937 703 977 745 in
995 705 1064 745 das
1083 704 1177 745 Alte
1199 702 1311 745 Test.
1349 719 1402 745 11.
1429 703 1558 746 Band.

360 777 398 832 §.
426 784 523 825 378.
560 789 600 821 et
626 778 677 821 B.
703 794 732 820 1.
769 778 807 833 ξ.
833 784 928 820 303.

295 866 364 909 De
388 868 651 910 Pentateuchi
675 867 912 910 Samaritani
946 867 1111 924 origine,
1136 867 1284 918 indole,
1310 877 1350 910 et
1384 869 1558 911 auctori-

359 956 437 989 tate
459 947 720 990 eruditissime
742 948 926 991 disseruit
947 949 1003 991 G.
1025 947 1241 990 Gesenius.
1280 979 1288 988 .
1323 982 1330 988 .
1369 981 1377 988 .
1404 947 1555 997 Hallae‚

1434 1030 1553 1068 1815.

292 1113 510 1155 videantur
534 1116 723 1169 praeterea
747 1115 1023 1157 annotationes
1047 1115 1096 1155 ad
1119 1113 1242 1156 Text.
1268 1113 1379 1155 Heb.
1416 1115 1464 1155 of
1490 1115 1554 1155 the

356 1190 527 1233 Parallel
543 1191 792 1247 Prophecies
810 1194 858 1234 of
865 1191 891 1235 J
896 1195 998 1235 acob
1017 1193 1094 1234 and
1107 1191 1267 1244 Moses,
1284 1189 1414 1232 Oscon.
1436 1190 1554 1237 1763.

354 1270 407 1322 by
431 1267 508 1309 Dr.
532 1267 691 1309 Durell.
752 1269 926 1311 Necnon
972 1285 1019 1310 ea
1060 1284 1148 1324 quae
1189 1267 1348 1323 scripsit
1385 1266 1445 1309 sui
1485 1266 1556 1308 aevi

354 1344 478 1384 decus
499 1342 686 1383 Silvestre
709 1345 758 1384 de
779 1344 895 1397 Sacy.
922 1344 1015 1384 Vol.
1032 1343 1211 1384 XLIX.
1238 1342 1461 1384 Academie
1484 1343 1554 1383 des

355 1419 659 1475 Inscriptiones.
697 1420 827 1462 Paris.

286 1506 477 1548 Videatur
508 1507 627 1549 etiam
661 1507 811 1550 Critica
842 1509 965 1550 Sacra
990 1507 1147 1561 Baveri,
1171 1507 1209 1563 §.
1229 1512 1417 1554 92—97.
1452 1521 1551 1547 nec-

348 1598 429 1624 non
450 1581 601 1625 Critica
619 1583 739 1626 Sacra
765 1584 842 1625 Ed.
864 1583 1027 1626 Masch.
1049 1583 1143 1625 Vol.
1160 1583 1193 1624 I.
1219 1583 1317 1625 Pars
1330 1581 1370 1624 ii.
1397 1587 1547 1624 sect-3.

760 1866 921 1917 SEc'r.
958 1865 1080 1918 XV.

466 1998 536 2034 DE
576 1997 781 2034 LINGUA
823 1997 888 2033 ET
926 1996 1062 2035 CRISI
1101 1997 1351 2036 ARABICA.

247 2110 530 2154 *Grammaire
570 2111 720 2152 Arabe.
787 2110 879 2151 Par.
919 2111 972 2152 A.
1005 2111 1048 2152 S.
1105 2111 1293 2154 Silvestre
1332 2114 1382 2155 de
1426 2113 1543 2169 Sacy.

1249 2188 1388 2240 Paris,
1420 2194 1540 2232 1810.

246 2281 265 2302 ’ἑ
287 2275 434 2319 Breves
477 2276 663 2318 Arabicae
713 2275 882 2331 Linguae
941 2275 1227 2327 Institutiones‚
1268 2277 1370 2319 Rev.
1410 2278 1540 2320 Patris

343 2352 526 2409 Philippi
550 2351 806 2407 Guadagnoli
813 2383 1205 2394 .........
1244 2352 1397 2406 Romae,
1418 2355 1539 2397 1642.

277 2441 517 2483 Lumsden’s
538 2439 686 2482 Arabic
703 2440 930 2492 Grammar,
958 2440 1050 2482 Vol.
1068 2439 1106 2482 I.
1145 2472 1155 2481 .
1191 2439 1393 2494 Calcutta,
1421 2446 1540 2484 1813.

465 2520 551 2566 (not
572 2527 636 2571 yet
661 2514 898 2573 complete.)

278 2606 424 2649 Gram.
449 2605 575 2649 Arab.
602 2605 779 2662 Erpenii,
805 2605 927 2648 edidit
951 2606 1238 2650 Schultensius.
1290 2639 1299 2647 .
1338 2639 1348 2648 .
1401 2604 1538 2663 Lugd.

1238 2681 1388 2724 Batav.
1416 2687 1534 2727 1770.

900 2750 916 2789 Z
