1915 3293
860 364 918 408 :37

247 505 369 531 cuum
403 490 465 537 sit,
505 489 744 529 memoriam
782 488 950 529 liberam
991 488 1140 541 vigere,
1182 486 1218 526 vi
1254 495 1388 527 autem
1428 486 1535 527 illata

246 566 423 621 opprimi
470 575 509 606 et
556 565 769 607 infirmari:
837 566 974 620 negari
1021 581 1098 606 non
1144 574 1294 619 potest,
1336 564 1538 605 discentes

245 643 415 697 linguas.
463 644 561 683 dum
607 643 796 697 singulari
839 642 978 683 virium
1024 640 1284 682 contentione
1341 650 1538 682 conantur

244 717 379 758 omnia
405 719 610 760 memoriae
635 720 839 765 mandare,
863 732 948 756 rem
975 715 1052 757 sibi
1076 716 1243 756 reddere
1270 715 1398 756 multo
1432 715 1538 755 diffi-

244 793 441 841 ciliorem,
481 811 602 850 quam
638 794 792 835 omisso
829 801 992 837 conatu,
1030 800 1069 832 et
1101 790 1298 846 permissa
1333 789 1538 831 memoriae

241 868 442 919 libertate,
469 871 624 911 fuisset.

311 946 518 988 stIemoria
542 947 678 1002 itaque
704 948 755 986 ab
791 945 902 986 omni
928 943 1190 986 contentione
1226 944 1416 985 immunis
1443 960 1543 985 cou-

243 1025 450 1070 servanda,
480 1033 536 1069 ut,
563 1023 667 1064 sicut
690 1023 730 1063 in
756 1021 948 1077 parvulis,
986 1021 1055 1076 qui
1080 1021 1237 1075 linguas
1274 1037 1346 1075 per
1370 1020 1542 1060 liberum

244 1113 376 1146 usum,
401 1097 484 1139 imo
509 1114 581 1153 per
605 1099 737 1140 lusum
766 1098 942 1145 discunt,
981 1096 1153 1138 retineat
1179 1112 1291 1138 suam
1318 1096 1542 1137 naturalem

243 1170 322 1212 vim
357 1182 397 1213 et
432 1173 629 1227 vigorem,
668 1190 752 1229 quo
790 1173 925 1214 omnia
959 1172 1149 1214 libentius
1185 1172 1378 1228 excipiet,
1424 1173 1542 1213 altius

243 1244 443 1296 demittet,
469 1255 509 1287 et
534 1246 692 1287 facilius
717 1245 955 1287 asservabit.
1020 1245 1190 1299 Linguae
1213 1261 1285 1299 per
1305 1245 1477 1286 liberum
1502 1255 1543 1286 et

242 1323 451 1365 assiduum
476 1323 732 1374 exercitium,
760 1324 846 1365 sine
870 1323 1063 1378 singulari
1086 1322 1231 1363 virium
1267 1324 1543 1374 contentione,

239 1398 442 1441 discenda:
468 1408 571 1441 sunt.
634 1400 680 1441 Id
705 1409 779 1448 est,
799 1401 909 1455 quod
936 1399 1031 1440 satis
1052 1398 1132 1439 dici
1158 1414 1366 1454 nunquam
1388 1408 1542 1453 potest.

243 1474 605 1520 Quemadmodum
628 1475 798 1530 parvuli,
824 1475 973 1524 animo,
997 1477 1048 1516 ab
1074 1474 1186 1516 omni
1208 1474 1381 1517 molesta
1405 1475 1542 1516 inten-

247 1548 358 1591 tione
390 1550 536 1601 libero,
579 1550 834 1592 continenter
865 1551 964 1592 alios
1000 1551 1114 1606 loqui
1147 1551 1330 1600 audiunt,
1369 1554 1431 1593 vel
1466 1552 1545 1607 ipsi

245 1641 360 1667 sensa
400 1643 473 1667 sua
510 1642 696 1668 sermone
728 1643 971 1682 expromere
998 1636 1164 1676 tentant,
1197 1637 1238 1668 et
1266 1627 1480 1676 blaterant,
1508 1638 1549 1669 et

243 1701 452 1756 garriunt:
489 1701 544 1743 ita
570 1718 737 1758 quoque
763 1702 906 1750 adulti,
932 1702 1089 1757 linguas
1115 1720 1164 1744 ex
1187 1702 1297 1743 libris
1324 1703 1545 1751 discentes,

245 1777 366 1819 simili
390 1778 537 1820 mentis
570 1778 773 1827 libertate,
803 1778 933 1819 indies
957 1779 1109 1833 legant,
1136 1778 1280 1820 iterum
1318 1779 1548 1834 iterumque

245 1854 440 1909 relegant,
460 1856 640 1908 legentes
658 1854 838 1905 audiant,
863 1855 972 1897 lecta
992 1855 1239 1903 describant,
1266 1863 1306 1896 et
1326 1872 1462 1896 rursus
1487 1855 1546 1896 le-

244 1945 341 1991 gant
377 1944 417 1977 et
443 1935 637 1991 relegant,
672 1945 793 1992 atque
815 1937 902 1979 haec
941 1937 1076 1979 omnia
1099 1936 1262 1992 impigri
1288 1922 1546 1986 continuent:

244 2020 285 2053 et
307 2011 480 2067 repetita
504 2012 658 2053 tamdiu
693 2021 893 2067 repetant,
920 2015 1051 2054 donec
1074 2012 1200 2054 menti
1225 2012 1545 2054 inhaeserint.—

245 2087 500 2130 Continuum
544 2097 696 2137 autem,
738 2104 832 2129 cum
869 2088 978 2140 dico,
1021 2087 1276 2135 exercitium,
1322 2088 1448 2129 nolim
1492 2088 1546 2129 ita

245 2162 433 2218 intelligi,
470 2172 515 2204 ut
553 2162 716 2218 integris
747 2163 905 2215 diebus,
935 2172 1003 2204 aut
1039 2163 1161 2204 etiam
1196 2162 1382 2217 pluribus
1418 2163 1541 2210 horis,

250 2240 334 2282 sine
373 2240 689 2293 intermissione,
731 2241 1016 2292 continuetur3
1075 2241 1116 2282 id
1159 2240 1267 2281 enim
1306 2241 1544 2282 memoriam

246 2315 449 2371 fatigaret,
476 2325 516 2358 et
541 2316 781 2366 debilitaret,
807 2327 847 2358 et
881 2316 1151 2372 opprimeret,
1187 2326 1308 2373 atque
1336 2317 1543 2370 negotium

187 2411 200 2424 ·
247 2392 375 2446 magis
419 2392 649 2448 impediret,
695 2410 814 2449 quam
863 2395 1098 2449 adjuvaret3
1157 2409 1281 2450 quare
1321 2395 1545 2434 cavendum

247 2468 385 2523 potius
425 2478 500 2518 est,
542 2486 592 2511 ne
627 2472 745 2527 justo
786 2470 936 2512 diutius
975 2471 1060 2512 sine
1103 2470 1396 2526 interruptione
1430 2470 1544 2525 operi

250 2543 469 2586 insistatur.
505 2545 722 2596 Suaserim,
749 2563 799 2588 ne
823 2549 951 2589 multo
976 2547 1125 2589 diutius
1154 2563 1233 2588 una
1256 2546 1428 2587 alterave
1446 2547 1545 2588 hora

250 2620 334 2662 sine
371 2620 594 2673 intervallo,
614 2621 654 2664 in
678 2624 756 2665 hoc
780 2623 958 2665 studium
996 2624 1269 2670 incumbatur,
1298 2632 1337 2664 et
1361 2624 1542 2673 demum,
