1915 3293
938 372 1004 419 42

331 496 478 536 cultate
501 495 699 545 retinebo,
724 504 763 536 et
792 493 848 535 sic
887 493 978 534 illos
1016 491 1156 546 viginti
1192 500 1347 546 septem
1385 489 1547 541 milites,
1583 488 1616 529 si

330 570 405 610 hac
435 569 586 609 ratione
617 569 714 609 mihi
745 566 925 623 quotidie
963 566 1156 621 quinque,
1194 581 1264 606 sex
1304 573 1511 620 septemve
1545 563 1620 604 sis-

331 653 478 692 tantur,
504 646 553 685 de
580 644 683 686 facie
707 654 746 685 et
770 643 933 684 nomine
966 657 1134 683 noscere
1165 640 1333 692 discam,
1352 656 1486 695 neque
1514 639 1621 681 obli-

332 719 457 760 viscar
491 719 657 760 aliarum
700 719 944 759 diversarum
987 732 1134 763 rerum,
1170 729 1258 770 quae
1305 715 1401 755 mihi
1441 713 1621 769 quotidie

328 803 537 836 narrantur
562 803 631 835 aut
655 793 909 835 exhibentur.
962 793 1027 833 Ita
1063 806 1244 848 quoque,
1272 790 1304 831 si
1337 791 1424 831 haec
1459 799 1528 831 aut
1567 789 1621 830 si-

332 869 438 911 milis
476 870 578 910 ratio
611 878 797 911 teneatur
836 869 874 909 in
916 867 1118 909 tradendis
1156 866 1219 907 vel
1258 863 1463 906 discendis
1501 864 1623 905 literis

331 961 403 986 seu
428 943 745 996 characteribus,
780 942 942 998 punctis
967 941 1201 992 Vocalium,
1227 940 1350 995 signis
1391 938 1620 985 diacriticis,.

333 1028 374 1060 et
395 1018 638 1060 flexionibus
661 1034 837 1060 vocum:
874 1017 1009 1059 omnia
1034 1017 1119 1058 sine
1155 1016 1393 1057 difficultate
1417 1011 1625 1054 memoriae

332 1095 563 1150 inligentur.
623 1094 768 1149 Itaque
794 1109 867 1149 per
903 1093 1130 1135 universam
1156 1090 1498 1140 Grammaticam,
1521 1103 1626 1129 nun-

333 1186 456 1225 quam
489 1171 618 1210 multa
653 1170 838 1224 ejusdem
873 1168 1045 1223 generis,
1080 1183 1151 1208 seu
1190 1165 1349 1213 similia,
1388 1165 1473 1205 sine
1503 1164 1627 1204 inter-

332 1245 536 1301 ruptione,
576 1245 706 1285 multo
736 1237 878 1285 'fflinus
917 1243 1003 1285 sine
1044 1242 1250 1298 explicata
1287 1239 1628 1286 dissimilitudine,

332 1321 616 1375 proponenda,
655 1328 696 1360 et
737 1320 787 1359 de
827 1334 1077 1374 unoquoque
1124 1317 1257 1371 aliqua
1297 1315 1515 1370 singularia
1554 1330 1628 1355 an-

334 1398 536 1446 notanda3
583 1403 704 1450 atque
747 1394 841 1436 dein
880 1395 1154 1450 adjungenda,
1197 1408 1286 1447 quae
1332 1401 1425 1433 sunt
1468 1390 1630 1432 alterius

337 1471 509 1526 generis,
533 1479 574 1511 et
597 1486 764 1525 prorsus
795 1469 1020 1510 dissimilia.
1078 1468 1129 1508 In
1163 1467 1267 1508 libro
1294 1467 1461 1522 quidem
1496 1481 1632 1520 gram-

336 1546 489 1587 matico
514 1544 653 1586 omnia
677 1544 818 1585 ordine
847 1543 1112 1595 systematico
1147 1542 1305 1595 digesta
1341 1557 1429 1582 esse
1455 1549 1634 1595 oportet,

339 1631 381 1662 ut
413 1621 663 1669 evolventes,
703 1634 793 1674 quae
828 1626 1029 1673 quaerunt,
1063 1616 1183 1657 facile
1223 1615 1402 1671 reperire
1442 1614 1633 1669 possint3

338 1705 401 1738 ast
424 1698 620 1738 docentes
645 1702 685 1735 et
709 1694 911 1735 discentes
946 1693 1055 1733 hunc
1092 1691 1276 1732 ordinem
1313 1690 1430 1746 sequi
1465 1689 1632 1730 minime

337 1773 504 1821 debent,
538 1770 614 1811 nisi
648 1768 855 1810 menioriae
890 1782 1214 1822 supervacaneas
1249 1765 1456 1807 molestias
1497 1781 1634 1806 creare

339 1848 480 1889 velint.

405 1923 556 1977 Operae
570 1921 747 1976 pretium
768 1920 903 1967 fuerit,
923 1934 1007 1959 rem
1029 1918 1222 1973 exemplo
1244 1918 1456 1958 illustrare.
1495 1916 1634 1957 Prima

341 2000 479 2054 itaque
504 1996 774 2051 collegiorum
798 1996 912 2045 hora,
947 1993 1167 2049 praemissis
1203 1994 1447 2048 quibusdam
1473 1994 1522 2033 de
1553 1992 1634 2033 ori-

339 2075 434 2129 gine
458 2081 499 2114 et
521 2088 692 2114 numero
718 2073 996 2112 characterum
1033 2069 1403 2120 observationibus,
1431 2069 1472 2109 in
1496 2069 1635 2108 tabula

341 2150 560 2205 pingantur
585 2146 814 2188 successive
851 2145 1032 2200 quinque
1067 2153 1136 2185 aut
1173 2159 1244 2185 sex
1277 2145 1530 2186 characteres
1552 2142 1632 2183 lin-

342 2241 431 2281 guae
473 2223 709 2271 Hebraicae,
747 2231 786 2263 et
819 2221 987 2277 quidem
1024 2220 1099 2271 illi,
1141 2220 1211 2276 qui
1248 2229 1341 2261 sunt
1379 2218 1636 2273 simplicissi-

345 2301 418 2352 mi,
444 2310 486 2341 et
519 2298 681 2340 nonnisi
719 2314 801 2340 uno
828 2299 1004 2339 alterove
1025 2298 1153 2338 ductu
1189 2296 1252 2337 vel
1287 2295 1396 2336 linea
1430 2304 1633 2336 constant.

345 2376 396 2417 In
440 2373 626 2430 quolibet
670 2374 904 2414 charactere
952 2388 1047 2413 mox
1093 2375 1360 2413 observentur
1410 2370 1526 2412 lineae
1573 2370 1637 2411 vel

345 2452 491 2491 ductus
526 2447 626 2489 recti
652 2457 692 2488 et
731 2447 907 2503 obliqui,
933 2446 1310 2502 perpendiculares,
1344 2445 1466 2496 curvi,
1491 2455 1531 2486 et
1562 2446 1638 2486 ho·-

345 2525 575 2576 rizontales,
603 2524 739 2579 anguli
771 2539 934 2580 quoque
973 2524 1075 2565 recti
1110 2525 1172 2564 vel
1199 2523 1361 2571 obtusi;
1412 2522 1516 2564 inter
1547 2523 1633 2564 haec

348 2602 468 2642 simu}
503 2599 743 2656 explicetur.
772 2603 878 2642 unde
924 2600 1001 2641 orti
1040 2599 1119 2640 sint
1154 2599 1195 2639 hi
1227 2600 1373 2640 ductus
1411 2607 1453 2639 et
1486 2597 1636 2652 anguli,

349 2694 420 2719 seu
447 2677 564 2731 quale
606 2678 814 2733 objectum
847 2676 1107 2719 delineaverit
1145 2676 1299 2730 primus
1333 2676 1536 2718 literarum
1563 2690 1633 2716 au-
