1915 3293
902 348 957 396 21

283 475 471 516 orationis
496 474 861 514 conformationem
901 476 1063 523 habent,
1101 475 1283 527 adeoque
1322 487 1441 512 unani
1481 486 1572 510 cuni

286 549 492 591 Hebraica
537 549 789 590 constituunt
838 550 1033 603 linguam.
1076 565 1149 589 nec
1185 548 1376 588 differunt
1414 547 1487 587 nisi
1536 546 1573 585 iu

283 624 475 676 minutiis,
501 625 648 679 quibus
665 626 932 667 dialectorum
956 624 1161 666 diversitas
1188 623 1422 663 absolvitur.
1468 622 1574 662 Usus

281 702 474 756 loquendi
504 701 750 752 Hebraicus,
780 702 1043 751 Chaldaicus,
1072 700 1262 754 Syriacus
1296 710 1335 740 et
1360 698 1575 743 Arabicus,

283 777 466 831 exceptis
491 777 842 831 provincialisniis,
879 777 1003 817 cuivis
1039 777 1216 817 dialecto
1254 774 1444 829 propriis,
1477 788 1579 813 unus

283 851 472 907 idemque
512 863 598 903 θεῖς
648 862 688 892 et
723 852 816 893 hinc
858 869 952 893 usus
988 851 1182 907 loquendi
1208 849 1473 899 chaldaicus,
1504 848 1580 901 Sy-

285 927 416 969 riacus
452 938 492 969 et
518 928 718 969 Arabicus
755 928 866 968 testis
904 938 964 968 est
995 927 1166 968 idoneus
1201 928 1251 966 de
1289 941 1361 966 usu
1390 923 1583 979 loquendi

286 1002 511 1050 Hebraico,
547 1018 669 1057 quem
702 1004 792 1058 jam
830 1019 878 1043 ex
913 1003 1023 1044 libris
1070 1001 1292 1056 praesertim
1334 1000 1506 1053 Syriacis
1543 1008 1583 1040 et

285 1076 488 1125 Arabicis,
519 1094 693 1132 quorum
719 1079 848 1134 major
881 1087 942 1118 est
966 1077 1101 1132 copia,
1128 1091 1379 1130 cognoscere
1404 1083 1445 1115 et
1469 1089 1585 1114 com-

286 1155 460 1207 probare
488 1168 726 1207 possumus3
770 1169 846 1194 nec
883 1155 1030 1193 desunt
1067 1152 1195 1193 lexica
1224 1151 1392 1204 Syriaca
1416 1159 1456 1191 et
1481 1150 1586 1190 Ara·

287 1226 392 1278 bica,
426 1237 547 1282 atque
573 1227 740 1268 Scholia
765 1244 931 1283 quoque
967 1227 1006 1268 in
1044 1237 1186 1282 poetas
1213 1226 1387 1276 Arabes,
1414 1241 1587 1281 quorum

288 1302 478 1342 authores
519 1301 579 1341 his
620 1301 803 1342 dialectis
843 1305 1061 1343 utebantur
1093 1301 1344 1349 vernaculis3
1387 1301 1469 1341 imo
1501 1300 1588 1340 dia-

287 1376 418 1418 lectus
459 1376 637 1417 Arabica
672 1378 904 1418 adhucdum
927 1393 949 1417 a
980 1379 1084 1418 freto
1123 1376 1332 1418 Gaditano
1372 1392 1500 1431 usque
1540 1378 1590 1417 ad

291 1452 483 1506 Gangem
522 1451 561 1492 in
588 1468 657 1493 ore
690 1451 902 1493 hominum
934 1460 1126 1501 versatur,
1153 1451 1289 1507 quoad
1321 1452 1592 1492 substantiam

291 1531 342 1568 ab
391 1528 555 1582 antiqua
603 1528 783 1568 Arabica
832 1544 1089 1583 nequaquam
1134 1527 1304 1579 diversa,
1352 1528 1391 1568 in
1440 1527 1592 1568 Arabia

294 1619 458 1659 quoque
496 1603 534 1643 in
571 1603 855 1644 minutioribus
892 1619 1036 1657 parum
1067 1611 1241 1654 mutata3
1303 1602 1413 1644 testis
1456 1603 1591 1658 itaque

293 1677 376 1729 hic,
418 1677 456 1717 in
493 1693 641 1732 magna
677 1687 792 1732 parte
827 1678 935 1719 orbis
980 1689 1175 1719 terrarum
1214 1679 1447 1720 adhucdum
1481 1679 1589 1730 vivit,

294 1763 335 1795 et
360 1755 514 1795 factum
542 1755 591 1794 de
617 1770 699 1809 quo
736 1753 941 1808 quaeritur,
981 1756 1085 1795 ultro
1122 1754 1257 1795 offert.
1327 1755 1466 1809 Atque
1498 1754 1592 1795 hinc

296 1829 476 1883 cognitio
502 1829 648 1883 linguae
686 1829 921 1879 Hebraicae,
954 1845 1067 1869 suam
1104 1829 1352 1871 nanciscitur
1386 1830 1592 1871 certitudi-

297 1922 405 1957 nem,
431 1922 519 1961 quae
546 1922 595 1946 eo
622 1906 752 1961 major
787 1905 875 1955 erit,
902 1922 984 1959 quo
1018 1905 1134 1945 altius
1171 1905 1208 1945 in
1248 1905 1425 1946 indolem
1452 1907 1592 1946 harum

297 1983 580 2034 dialectorum,
606 1992 646 2023 et
678 1981 862 2036 inprimis
889 1981 1063 2034 Syriacae
1099 1992 1139 2022 et
1166 1981 1368 2032 Arabicae,
1408 1993 1594 2036 penetra-

298 2056 448 2097 bimus.
522 2055 647 2096 Nulla
680 2057 867 2109 profecto
899 2054 975 2094 alia
1013 2054 1149 2108 lingua
1184 2065 1341 2099 mortua
1368 2056 1418 2095 de
1457 2071 1595 2096 sorore

299 2132 533 2172 adhucdum
590 2130 690 2181 viva,
737 2146 827 2185 quae
874 2146 991 2170 usum
1038 2128 1232 2185 loquendi
1286 2139 1594 2182 contestaretur,

300 2204 460 2259 gloriari
482 2213 631 2259 potest,
658 2213 701 2244 ut
727 2204 843 2245 unius
871 2204 1088 2245 Hebraicae
1114 2205 1201 2245 haec
1238 2205 1287 2246 sit
1316 2205 1595 2260 praerogativa.

301 2281 424 2322 —Et
455 2280 496 2320 hi
523 2289 644 2321 testes
680 2279 865 2320 indirecti
904 2295 985 2320 non
1019 2289 1172 2320 tantum
1199 2280 1275 2320 vim
1306 2283 1520 2321 verborum
1558 2292 1597 2322 et

304 2354 526 2409 phrasium,
553 2354 669 2395 nobis
695 2356 885 2403 referunt,
924 2356 993 2395 sed
1029 2355 1147 2396 etiam
1188 2365 1344 2410 tropo&
1369 2356 1595 2410 allegorias,

303 2429 502 2484 imagines
529 2440 570 2470 et
595 2431 761 2484 figuras,
790 2429 1052 2471 orientalibus
1077 2430 1305 2484 peculiares
1332 2440 1373 2471 et
1403 2447 1482 2471 non
1509 2448 1597 2472 raro

308 2506 559 2557 audaciores,
600 2505 760 2557 sistunt,
809 2504 955 2559 partim
1003 2507 1180 2556 easdem,
1224 2522 1324 2561 quas
1370 2506 1409 2546 in
1455 2507 1599 2549 Bibliis

309 2578 493 2633 legimuS‚
519 2579 664 2634 partim
701 2579 867 2632 similes,
893 2580 1055 2636 quibuS,
1079 2596 1169 2635 quae
1206 2579 1243 2620 in
1286 2581 1427 2623 Bibliis
1453 2599 1598 2624 occur-

313 2664 414 2704 runt,
439 2654 696 2697 illustrantur.
