1915 3293
923 340 969 386 ll

297 474 388 504 sunt
422 462 740 517 significationis.
816 462 859 502 ln
885 462 1111 515 phrasibus,
1139 459 1286 514 cuique
1312 459 1458 512 linguae
1493 475 1586 513 pro-

295 539 406 593 priis,
432 539 573 578 eadem
598 547 665 578 aut
702 538 830 592 major
854 547 914 578 est
950 535 1219 590 discrepantia
1257 551 1412 576 sensus.
1472 535 1582 576 Hinc

295 630 405 668 saepe
430 614 577 655 dubius
615 615 737 655 haeret
765 614 976 668 interpres,
1010 629 1090 669 qua
1126 628 1226 653 voce
1262 620 1330 652 aut
1356 612 1490 666 phrasi
1523 627 1584 652 ar-

292 688 512 743 chetypum
536 689 692 743 plenius
716 690 932 743 exprimat,
958 699 998 729 et
1027 703 1109 728 non
1133 703 1221 728 raro
1258 696 1473 728 contentus
1497 703 1584 728 esse

292 766 429 814 debet,
465 764 664 806 invenisse
699 764 736 804 in
774 764 909 819 lingua
948 781 1019 805 sua
1059 766 1241 814 verbum,
1285 773 1352 805 aut
1388 764 1583 818 phrasim,

291 855 381 895 quae
424 840 630 881 sententiae
675 839 867 890 authoris,
906 839 980 880 etsi
1025 855 1105 880 non
1147 841 1372 894 adaequate,
1418 849 1584 881 eatenus

291 924 443 963 tamen,
481 925 678 970 quatenus
722 914 807 954 fieri
850 924 997 968 potest,
1033 917 1267 970 respondet.
1342 915 1390 955 Id
1427 915 1587 956 inconi-

291 993 459 1031 modum
496 1007 545 1031 eo
571 993 701 1046 majus
725 1000 801 1041 est,
838 1000 878 1032 et
913 1008 962 1032 eo
1000 992 1251 1046 frequentius
1288 992 1469 1043 recurrit,
1505 1008 1587 1047 quo

291 1067 448 1120 longius
485 1067 604 1108 distat
639 1067 794 1108 indoles
819 1067 1062 1121 linguarum,
1097 1084 1145 1108 ex
1183 1083 1352 1123 quarum
1390 1068 1514 1109 altera
1546 1068 1586 1108 iu

291 1141 456 1183 alteram
507 1141 711 1182 translatio
751 1142 808 1182 tit.
884 1142 1024 1197 Atque
1063 1143 1140 1183 boc
1183 1142 1317 1196 ipsum
1360 1152 1431 1191 est,
1476 1145 1585 1198 quod

291 1216 448 1257 obtinet
470 1217 509 1257 in
542 1216 689 1270 linguis
735 1216 986 1267 ssibliorum3
1022 1217 1231 1258 Hebraica
1258 1217 1363 1258 enini
1390 1228 1429 1258 et
1459 1218 1585 1259 Chal·

289 1272 406 1332 daica
439 1291 596 1332 Veteris
635 1291 831 1342 Foederis,
868 1301 929 1331 est
964 1307 1012 1332 ex
1052 1294 1157 1332 coelo
1193 1292 1369 1340 orientis,
1403 1309 1426 1333 a
1451 1304 1587 1334 nostro

287 1378 453 1418 prorsus
477 1362 662 1414 diverso;
706 1372 745 1403 et
767 1363 917 1404 Graeca
946 1363 1056 1404 Novi
1079 1363 1259 1405 Foederis
1286 1364 1326 1404 in
1352 1364 1585 1406 notionibus

288 1453 450 1487 vocum,
475 1437 515 1478 in
546 1437 776 1493 phrasibus,
802 1447 841 1479 et
866 1438 904 1478 in
930 1438 1040 1479 omni
1068 1439 1264 1480 sermonis
1290 1441 1589 1494 compositione

293 1516 344 1555 ad
368 1529 522 1555 morem
548 1512 710 1554 orientis
737 1515 990 1554 conformata
1017 1523 1089 1564 est,
1108 1523 1228 1570 atque
1253 1515 1346 1556 hinc
1373 1526 1542 1571 utraque
1567 1533 1589 1557 a

292 1589 438 1630 nostris
470 1588 616 1643 linguis
643 1587 966 1630 occidentalibus
997 1599 1168 1642 tantum,
1203 1601 1399 1646 quantum
1424 1592 1589 1633 vestitus

290 1663 546 1705 orientalium
582 1680 605 1704 a
633 1672 770 1704 nostro
807 1664 1001 1705 vestiendi
1036 1681 1163 1717 more,
1199 1666 1416 1722 discrepat.
1476 1669 1590 1710 Prae-

288 1749 398 1781 terea
436 1739 526 1781 libri
570 1739 696 1780 nostri
745 1740 846 1781 sacri
887 1740 1026 1795 scripti
1062 1751 1155 1781 sunt
1192 1750 1282 1782 ante
1331 1751 1390 1783 tot
1434 1744 1587 1794 secula,

292 1830 466 1870 quorum
490 1817 607 1869 lapsu
633 1830 753 1869 quani
792 1814 978 1869 plurimae
1017 1818 1228 1856 verborum
1263 1816 1451 1858 notiones
1477 1818 1589 1858 variis

289 1886 424 1928 modis
444 1896 624 1937 mutatae,
650 1896 689 1927 et
707 1889 795 1941 jam
820 1887 1044 1938 latioribus,
1063 1889 1152 1944 jam
1179 1888 1417 1931 arctioribus
1440 1890 1588 1931 finibus

292 1962 610 2017 circumscriptae
649 1964 828 2011 fuerunt,
857 1972 899 2003 ut
926 1978 1111 2017 persaepe
1137 1979 1244 2003 nunc
1270 1962 1310 2002 in
1343 1963 1488 2003 nostris
1512 1963 1587 2003 lin-

289 2036 379 2092 guis
405 2036 467 2078 vix
493 2036 743 2077 inveniantur
772 2039 908 2086 verba,
947 2036 1095 2092 quibus
1132 2037 1201 2077 illa
1236 2036 1400 2092 antiqua
1436 2037 1590 2092 aliqua-

291 2121 407 2153 tenus
438 2111 610 2166 exprimi
646 2123 831 2168 possunt.
907 2111 950 2152 Si
987 2112 1139 2167 itaque,
1177 2122 1220 2152 ut
1251 2114 1375 2152 modo
1399 2112 1586 2165 vidimus,

291 2187 510 2239 versiones,
557 2197 646 2229 utut
694 2187 932 2244 ceteroquin
972 2187 1153 2242 optimae,
1213 2188 1480 2243 archetypum
1540 2191 1590 2229 ad

289 2262 481 2304 amussim
508 2264 654 2304 referre
677 2278 758 2304 non
783 2272 971 2317 possunt,
999 2264 1069 2303 sed
1085 2264 1174 2317 jam
1211 2263 1317 2316 plus,
1339 2263 1428 2317 jam
1454 2263 1586 2305 minus

291 2339 482 2380 edicunt:
521 2348 648 2393 patet,
676 2337 930 2392 theologum,
971 2339 1088 2394 cujus
1114 2347 1187 2387 est,
1226 2337 1362 2378 omnia
1392 2338 1590 2380 subtiliter

289 2415 540 2470 investigare,
564 2431 703 2470 presse
728 2414 913 2464 definire,
951 2425 991 2456 et
1015 2414 1162 2456 limites
1189 2415 1390 2470 cujusque
1423 2423 1588 2456 senten-

291 2493 353 2534 tiae
377 2503 566 2534 accurate
591 2493 837 2543 describere,
863 2491 956 2534 huic
985 2509 1060 2535 suo
1089 2491 1225 2534 officio
1250 2506 1298 2532 ex
1337 2491 1585 2535 versionibus

291 2568 519 2611 nullatenus
546 2568 778 2610 satisfacere
804 2583 940 2622 posse.

357 2646 406 2686 ld
442 2644 576 2699 ipsum
614 2660 694 2686 non
731 2644 863 2686 minus
902 2643 1088 2699 patescit,
1127 2642 1157 2683 si
1193 2641 1458 2697 inspiciantur
1496 2657 1582 2683 veru
