1915 3293
879 350 888 394 l
903 351 930 395 ξ’)

257 474 317 513 vel
339 473 444 514 aetati
471 487 697 527 repugnare
734 474 1064 526 deprehenditur,
1103 473 1204 513 liber
1229 481 1416 512 censetur
1445 486 1542 525 spu-

257 550 352 597 rius,
379 566 426 590 ac
451 551 502 589 ab
526 548 604 590 alio
629 550 813 595 authore,
840 551 901 590 vel
927 550 1002 590 alia
1027 548 1243 590 recentiori
1267 556 1399 593 aetate,
1427 547 1543 602 cujus

255 624 433 677 linguam
460 632 500 664 et
526 623 660 664 stilum
688 627 863 678 praefert,
901 625 1091 680 scriptus,
1124 640 1210 670 seu,
1247 633 1291 663 ut
1325 622 1544 677 loquimur,

256 695 508 750 suppositus.
572 696 634 737 Ita
658 713 720 738 ars
756 697 896 738 critica
919 713 1000 737 non
1034 697 1166 738 solum
1198 696 1323 736 libros
1348 695 1543 748 integros.

255 771 326 811 sed
352 770 445 812 loca
469 771 589 812 etiam
620 772 778 826 singula
802 782 842 812 et
867 780 1001 826 partes
1033 773 1227 813 librorum
1253 770 1464 827 dijudicat,
1502 779 1548 809 ut

256 845 375 887 locus
399 857 468 888 aut
494 864 601 902 pars,
629 849 747 903 cujus
772 848 911 903 lingua
933 857 974 889 et
1010 849 1125 889 stilus
1151 847 1322 897 authori,
1355 846 1417 887 vel
1441 845 1548 887 aetati

257 936 339 961 non
371 923 578 971 convenit,
614 923 998 978 interpolationibus
1034 933 1310 966 accenseatur.
1374 922 1548 963 Nobiles

257 1007 352 1038 sunt
381 998 682 1045 controversiae,
711 1014 799 1053 quae
837 1009 976 1040 nostro
1001 1016 1087 1040 aevo
1123 999 1337 1053 agitantur,
1371 1013 1421 1038 an
1457 996 1548 1037 libri

256 1070 453 1125 quipiam,
500 1080 541 1113 et
585 1088 667 1113 non
711 1089 854 1127 paucae
897 1074 1091 1114 librorum
1138 1081 1289 1127 partes,
1339 1072 1418 1112 sint
1450 1070 1556 1110 illius

256 1143 434 1184 authoris
458 1153 500 1184 et
522 1145 666 1192 artatis,
703 1144 768 1185 cui
804 1145 1049 1191 tribuuntur,
1087 1144 1193 1185 etin
1218 1144 1278 1184 his
1314 1143 1453 1184 litibus
1486 1158 1550 1183 ar-

256 1227 465 1271 gumenta,
501 1219 648 1274 quibus
685 1227 904 1273 pugnatur,
942 1235 990 1259 ex
1036 1219 1172 1260 indole
1208 1218 1355 1272 linguae
1394 1227 1434 1257 et
1469 1216 1550 1258 stili

256 1293 485 1346 depromta,
523 1292 699 1347 primum
745 1302 886 1334 tenent
925 1293 1079 1343 locum,
1125 1309 1147 1333 a
1184 1293 1380 1346 theologo
1414 1301 1547 1333 autem

256 1362 484 1418 linguarum
509 1364 648 1419 ignaro
683 1365 902 1420 nequidem
934 1364 1118 1418 intelligi,
1144 1366 1274 1405 multo
1309 1363 1443 1404 minus
1479 1380 1550 1404 ex-

258 1438 427 1481 aminari
472 1450 662 1495 possunt.
734 1441 855 1481 Anne
895 1456 990 1481 vero
1033 1456 1124 1481 esse
1166 1449 1235 1480 aut
1282 1439 1363 1480 dici
1417 1449 1554 1494 potest

260 1514 490 1569 theologus,
515 1530 586 1555 seu
612 1515 750 1556 subtili
773 1515 978 1568 religionis
1006 1514 1175 1556 scientia
1210 1514 1446 1562 instructus,
1484 1514 1554 1569 qui

259 1589 479 1644 nequidem
498 1598 607 1630 tanta
622 1589 848 1631 eruditione
865 1590 1008 1643 pollet,
1028 1605 1107 1644 qna
1125 1598 1377 1643 argumenta,
1404 1589 1553 1644 quibus

260 1664 395 1705 nititur
432 1664 494 1705 vel
534 1664 796 1718 impugnatur
834 1681 1065 1720 ’γνησιοτης
1111 1681 1319 1706 sacrorum
1354 1665 1554 1706 librorum

259 1738 495 1792 perspicere
521 1737 651 1794 possit
665 1738 913 1779 ?—Etenim
945 1741 1027 1780 duo
1065 1748 1158 1779 sunt
1186 1740 1364 1779 maxima
1395 1739 1436 1778 in
1462 1739 1554 1779 uni-

261 1828 374 1854 versa
399 1813 606 1868 theologia
630 1813 835 1867 religionis
860 1814 1066 1855 revelatae:
1093 1814 1219 1854 libros
1234 1830 1369 1855 sacros
1396 1829 1555 1855 summa

262 1890 439 1943 gaudere
471 1888 725 1938 authoritate,
751 1906 829 1944 qua
866 1899 1020 1940 carent,
1051 1890 1084 1931 si
1115 1905 1196 1931 non
1233 1899 1326 1930 sunt
1360 1889 1551 1944 genuini3

263 1972 304 2004 et
339 1979 477 2004 verum
513 1980 677 2005 sensum
709 1981 759 2005 ex
788 1964 887 2019 ipsis
926 1981 1067 2006 eruere
1105 1974 1145 2005 et
1179 1965 1354 2005 firmare.
1424 1965 1555 2020 Atqui

262 2040 458 2082 librorum
479 2057 758 2096 ’γνησιοτητα
783 2051 824 2082 et
849 2058 987 2082 verum
1020 2057 1199 2092 sensum,
1227 2044 1381 2096 absque
1417 2041 1556 2082 subtili

263 2127 303 2158 et
326 2116 468 2158 intima
489 2116 718 2171 linguarum
740 2117 922 2167 scientia,
948 2119 1220 2171 comprobare
1244 2132 1366 2157 nemo
1393 2125 1553 2172 potest3

264 2195 346 2234 duo
369 2201 503 2234 autem
528 2193 615 2233 haec
637 2194 787 2234 habere
813 2192 951 2244 dubia,
976 2208 1108 2248 neque
1133 2191 1232 2247 ipsis
1252 2191 1306 2233 ita
1332 2192 1554 2243 confidere,

265 2278 309 2309 ut
342 2268 495 2310 moveri
524 2284 605 2308 non
641 2268 786 2322 possit,
820 2269 1009 2308 abhorret
1038 2284 1060 2308 a
1085 2267 1278 2321 theologo
1315 2267 1552 2322 plurimum.

266 2346 377 2400 Ergo
401 2345 456 2395 hi,
483 2345 552 2400 qui
577 2355 741 2399 negant,
766 2345 998 2403 'linguarum
1026 2344 1195 2385 seientia
1220 2339 1456 2397 theologum
1487 2359 1556 2384 ca-

264 2435 351 2461 rere
387 2436 467 2461 non
507 2436 646 2474 posse,
679 2420 811 2475 ipsam
849 2420 1113 2475 theologiam,
1140 2436 1211 2461 seu
1248 2419 1437 2461 subtilem
1463 2418 1553 2460 reli-

267 2495 395 2550 gionis
429 2496 651 2543 scientiam,
694 2497 874 2537 funditus
907 2506 1109 2545 evertunt,
1135 2505 1180 2536 ut
1204 2494 1368 2536 difficile
1401 2494 1467 2545 sit,
1505 2496 1555 2534 de

267 2572 492 2613 temeritate
526 2588 682 2623 eorum,
715 2573 881 2627 perinde
916 2583 959 2613 ut
989 2588 1131 2614 caussa
1167 2572 1359 2627 postulat,
1387 2570 1552 2621 dicere3

267 2663 343 2688 nec
366 2647 462 2689 satis
480 2647 670 2689 constitui
695 2657 845 2702 potest,
873 2649 980 2702 quod
1003 2647 1053 2687 sit
1077 2662 1217 2688 eorum
1239 2644 1466 2693 consilium,
1487 2653 1556 2685 aut
