1915 3293
841 358 900 405 ⁴9

232 491 416 533 minutias
439 487 700 533 excutiendae,
737 488 805 527 sed
834 488 973 541 paucis
1013 487 1290 542 expediendae,
1326 497 1500 529 netem-

230 586 307 624 pus
333 565 581 624 praeripiatur
606 564 937 620 interpretationi,
960 581 1048 621 quae
1068 565 1151 607 sine
1173 582 1284 607 mora
1311 567 1498 621 progredi

233 645 373 710 debet}
410 655 502 681 nam

295 716 367 758 lV.
389 715 535 757 Lectio
560 724 599 756 et
622 715 896 771 interpretatio
921 717 960 757 in
986 717 1095 757 omni
1119 716 1252 758 studio
1277 716 1501 771 linguarum

228 801 289 835 est
311 803 434 849 caput
457 802 496 834 et
522 807 693 843 summa,
724 792 791 833 cui
815 792 950 833 omnia
983 793 1133 848 reliqua
1170 794 1312 835 cedere
1337 794 1498 834 debent.

228 869 365 916 Quare
402 870 477 910 hac
524 868 562 910 in
609 882 650 908 re
694 867 747 908 ita
786 870 1022 909 versandum
1059 878 1132 920 est,
1173 878 1217 910 ut
1255 885 1335 910 non
1371 870 1499 910 solum

231 956 377 1000 partes,
404 961 492 1002 quae
519 943 728 1000 explicatae
754 954 856 997 sunt,
885 954 1005 999 prout
1029 961 1152 1000 supra
1183 944 1369 993 diximus,
1396 946 1504 987 mul-

228 1033 314 1063 tum
339 1023 522 1077 legantur
545 1031 585 1062 et
608 1023 848 1075 relegantur,
875 1023 945 1062 sed
970 1021 1108 1072 etiam,
1136 1031 1179 1063 ut
1214 1022 1339 1064 multa
1363 1023 1503 1079 legan-

230 1109 292 1140 tur
314 1108 354 1140 et
386 1097 652 1153 explicentur.
712 1097 940 1153 Utrumque
977 1097 1106 1138 amice
1132 1096 1252 1154 jungi
1289 1107 1435 1152 potest,
1473 1097 1506 1138 si

228 1175 267 1216 in
293 1175 475 1231 collegiis
496 1174 625 1216 multa
656 1174 923 1230 explicentur,
955 1184 994 1215 et
1029 1175 1114 1215 haec
1152 1176 1292 1224 multa,
1318 1175 1504 1230 privatim

230 1254 401 1295 multum
445 1255 641 1308 legantur.
709 1253 868 1294 Etenim
915 1269 1007 1294 cum
1054 1253 1213 1308 linguae,
1263 1264 1306 1295 ut
1350 1255 1503 1296 dictum

229 1340 303 1379 est,
342 1345 414 1385 per
451 1346 567 1371 usum
605 1330 806 1371 discendae
846 1330 936 1377 sint,
975 1346 1068 1371 usus
1108 1339 1241 1371 autem
1278 1331 1505 1386 linguarum

228 1419 474 1451 mortuarum
499 1424 586 1450 esse
608 1424 689 1450 non
713 1409 842 1464 possit
871 1408 987 1457 alius,
1013 1424 1132 1464 quam
1165 1408 1286 1450 lectio
1311 1418 1350 1450 et
1384 1409 1505 1451 inter-

230 1486 427 1541 pretatio:
466 1485 722 1527 manifestum
755 1494 831 1539 est,
867 1501 1030 1527 omnem
1062 1500 1321 1540 progressum
1356 1486 1395 1526 in
1428 1485 1504 1527 lin-

229 1564 318 1618 guis
363 1564 545 1615 mortuis,
587 1565 637 1604 ab
695 1563 888 1605 exercitio
930 1563 1267 1618 interpretationis
1313 1565 1504 1618 pendere.

231 1638 383 1686 Quare,
424 1648 467 1679 ut
494 1640 583 1694 jam
621 1639 776 1680 dictum
812 1648 884 1686 est,
921 1638 960 1679 in
1004 1637 1283 1680 Grammatica
1325 1654 1406 1680 non
1442 1648 1503 1681 est

229 1714 475 1761 haerendum,
499 1716 569 1754 sed
594 1716 679 1755 sola
702 1715 907 1769 praecipua
933 1724 973 1754 et
1000 1715 1215 1768 generalia,
1253 1731 1323 1756 seu
1349 1732 1506 1758 summe

229 1789 453 1832 necessaria
486 1790 716 1841 delibanda,
754 1790 1018 1845 exceptiones
1053 1800 1174 1848 atque
1200 1791 1319 1833 etiam
1356 1793 1504 1847 regulae

230 1876 442 1920 syntaxeos
466 1865 682 1921 nequidem
721 1866 974 1921 attingendae,
1007 1876 1050 1908 ut
1087 1876 1247 1923 tempus
1282 1867 1503 1923 pretiosum
1542 1919 1550 1929 ι

231 1952 490 1986 consecretur
521 1943 850 1999 interpretationi,
887 1944 952 1985 cui
986 1946 1077 1986 data
1116 1945 1332 1986 occasione
1369 1946 1506 2001 singu-

230 2023 330 2062 lares
354 2019 654 2061 observationes
686 2019 1004 2075 grammaticales
1027 2029 1068 2062 et
1102 2021 1340 2074 syntacticas
1364 2037 1504 2078 asper-

231 2112 323 2153 gere
358 2095 509 2138 licebit.
580 2095 703 2143 Nam,
741 2096 773 2137 si
805 2096 892 2151 quis
924 2095 1145 2137 universam
1183 2097 1502 2139 Grammaticam

232 2172 434 2216 memoriae
468 2172 685 2224 mandavit,
712 2188 842 2228 neque
869 2182 1002 2213 tamen
1028 2172 1154 2213 multa
1188 2172 1284 2228 legit
1311 2183 1351 2214 et
1383 2173 1506 2215 inter-

233 2261 409 2307 pretatus
456 2261 529 2299 est,
579 2250 756 2305 linguam
795 2252 980 2305 profecto
1024 2266 1105 2292 non
1143 2250 1277 2293 callet.
1345 2252 1402 2294 At
1437 2254 1505 2309 qui

234 2329 356 2370 multa
380 2327 665 2383 interpretatus
691 2336 765 2374 est,
786 2336 826 2367 et
850 2326 1021 2368 multum
1045 2326 1155 2382 legit,
1184 2327 1506 2370 Grammaticam

237 2419 331 2445 cum
354 2403 493 2460 lingua
530 2403 696 2454 didicit;
734 2402 836 2444 sicut
874 2403 1025 2459 parvuli
1054 2403 1232 2459 linguam
1267 2404 1381 2445 simul
1411 2420 1503 2446 cum

237 2480 511 2523 Grammatica
545 2480 719 2522 discunt.
789 2479 1067 2521 Grammatica
1098 2495 1181 2520 non
1214 2488 1274 2521 est
1305 2479 1380 2521 nisi
1414 2495 1505 2521 me-

236 2557 345 2598 dium
381 2556 538 2612 linguas
580 2557 738 2599 facilius
776 2557 979 2609 discendi;
1037 2557 1214 2598 medium
1251 2558 1386 2613 itaque
1422 2574 1503 2600 non

237 2644 296 2676 est
319 2650 410 2675 cum
437 2634 516 2675 fine
552 2634 606 2676 ita
641 2637 964 2690 permutandum,
997 2644 1042 2676 ut
1064 2635 1190 2691 major
1225 2635 1358 2676 medio
1383 2651 1503 2692 quam

235 2710 304 2753 fini
326 2721 491 2752 navetur
515 2727 651 2766 opera.
722 2712 820 2753 Non
845 2727 931 2753 sum
950 2711 1138 2766 equidem
1158 2711 1329 2761 nescius,
1353 2710 1501 2753 Gram-

863 2804 885 2821 ‹)'

858 2824 881 2843 b
