1915 3293
918 317 971 362 ll)

283 440 481 482 Graeeitas
529 456 693 495 quoque
740 440 849 480 Νυνὶ
893 439 1069 480 Foederis
1108 454 1365 494 nequaquam
1403 449 1464 480 est
1490 441 1568 490 illa,

281 533 372 571 quae
417 518 454 557 in
490 516 663 572 antiquis
693 516 930 558 authoribus
964 516 1120 556 Graecis
1160 515 1321 570 legitur,
1359 524 1398 555 et
1430 531 1478 556 ex
1512 516 1570 555 his

282 591 376 632 solis
399 591 580 633 condisci
607 602 759 647 posset,
784 595 854 633 sed
877 609 937 643 ea,
961 607 1081 647 quam
1110 590 1244 632 Judaei
1269 591 1400 646 primo
1427 600 1571 632 nostrae

280 667 464 708 ecclesiae
504 667 659 716 seculo,
689 670 873 722 adeoque
897 668 1016 708 etiam
1045 665 1262 720 scriptores
1290 666 1399 706 Novi
1425 666 1570 706 Foede—

280 740 347 792 ris,
366 741 436 797 qui
458 742 593 784 Judaei
617 751 743 793 erant,
767 741 1038 796 loquebantur
1069 750 1108 781 et
1143 740 1390 790 scribebant,
1420 740 1576 780 scilicet

279 817 478 872 permixta
511 816 785 867 Hebraismis,
824 815 1094 857 Clialdaismis
1131 824 1171 856 et
1208 814 1437 868 Syriasmis,
1471 830 1572 870 quo-

279 908 367 934 rum
393 893 529 948 plures
565 896 730 934 demum
765 908 814 933 ex
851 892 987 947 lingua
1023 891 1200 933 Arabica
1237 892 1400 946 plenam
1439 891 1573 932 lucem

276 969 455 1024 capiunt.
523 969 714 1010 Redeunt
737 968 872 1024 itaque
899 969 936 1009 in
964 968 1087 1009 Novo
1110 967 1230 1008 etiam
1259 967 1429 1008 Foedere
1453 983 1574 1023 quarn

279 1043 454 1099 plurima
501 1046 551 1085 ad
592 1045 769 1099 linguam
821 1044 1069 1086 Hebraicam
1114 1052 1154 1084 et
1193 1043 1389 1084 dialectos
1441 1043 1574 1084 eidem

277 1128 487 1172 cognatas.

346 1192 507 1248 Lingua
532 1210 625 1234 vero
654 1194 861 1235 Hebraica
886 1196 974 1249 jam
1001 1194 1137 1248 viginti
1174 1194 1299 1234 tribus
1333 1193 1479 1234 abhinc
1511 1210 1574 1235 se-

273 1269 378 1310 culis
404 1284 484 1309 non
511 1272 657 1320 solum,
682 1281 725 1310 ut
760 1271 909 1311 Graeca
933 1280 974 1311 et
999 1270 1159 1322 Latina,
1185 1280 1368 1310 emortua
1391 1280 1467 1321 est,
1504 1273 1572 1311 sed

276 1345 399 1386 etiarn
426 1346 603 1386 maxima
628 1362 677 1387 ex
699 1356 814 1400 parte
839 1346 982 1401 periit3
1025 1362 1157 1402 neque
1193 1346 1316 1396 enim,
1351 1355 1396 1389 ut
1428 1346 1577 1389 Graeca

276 1426 317 1458 et
342 1417 503 1470 Latina,
536 1419 575 1459 in
616 1418 753 1460 multis
781 1418 910 1473 libris,
935 1421 1006 1461 sed
1045 1419 1085 1460 in
1123 1419 1266 1475 paucis
1304 1419 1463 1471 libellis,
1509 1421 1577 1476 qui

279 1493 403 1534 sacris
428 1494 575 1535 Bibliis
602 1495 871 1546 continentur,
898 1504 1102 1550 superstes
1124 1504 1210 1546 est3
1257 1510 1389 1550 neque
1425 1511 1472 1536 ex
1499 1495 1577 1536 illis

277 1570 547 1624 temporibus,
587 1569 734 1625 quibus
772 1569 987 1610 vernacula
1017 1579 1113 1621 erat,
1148 1569 1229 1610 ulla
1268 1569 1412 1622 versio,
1451 1571 1575 1610 ullum

279 1643 480 1695 Lexicon,
506 1646 609 1684 ullus
636 1644 891 1696 scholiastes,
916 1660 993 1685 ceu
1017 1644 1186 1685 idoneus
1211 1646 1261 1685 de
1282 1660 1358 1685 usu
1383 1643 1576 1700 loquendi

278 1718 405 1770 testis,
427 1728 576 1773 praesto
601 1729 677 1759 est.
748 1718 981 1770 Versiones,
1008 1719 1128 1759 etiam
1150 1719 1453 1774 antiquissimae,
1478 1720 1574 1774 plu-

277 1793 387 1834 ribus
421 1794 569 1835 seculis
607 1804 699 1835 sunt
742 1793 1002 1844 recentiores,
1040 1803 1083 1834 ut
1122 1810 1260 1834 earum
1291 1794 1492 1844 authores,
1523 1795 1573 1834 ab

278 1885 351 1910 usu
388 1869 533 1924 linguae
578 1871 680 1910 adeo
716 1869 875 1919 remoti,
908 1869 1093 1910 notiones
1133 1885 1297 1920 vocum,
1335 1878 1376 1909 et
1413 1884 1574 1915 sensum

280 1945 486 2000 phrasium
509 1946 597 2001 jam
628 1960 708 1985 non
732 1944 938 1999 potuerint
964 1945 1112 1985 habere
1147 1953 1259 1985 certo
1284 1943 1509 1998 cognitum,
1536 1952 1576 1985 et

278 2031 400 2062 testes
425 2023 476 2061 de
503 2037 575 2062 usu
613 2020 806 2075 loquendi
843 2019 1100 2075 antiquorum
1140 2019 1431 2070 Hebraeorum,
1464 2019 1575 2060 omni

276 2097 521 2154 exceptione
547 2098 737 2154 majores,
771 2096 925 2137 censeri
956 2112 1036 2137 non
1075 2096 1249 2151 possint,
1286 2097 1396 2151 quod
1425 2106 1466 2136 et
1496 2095 1573 2150 ipsi

276 2189 402 2228 opere
427 2183 468 2214 et
492 2189 533 2214 re
558 2172 815 2228 profitentur,
842 2187 937 2212 cum
963 2171 1164 2227 frequenti
1187 2171 1290 2212 inter
1313 2187 1355 2212 se
1390 2170 1573 2213 dissensu

279 2257 475 2304 pugnant,
503 2258 544 2289 et
567 2249 642 2289 hac
666 2248 820 2288 ratione
848 2247 949 2288 alter
985 2248 1153 2288 alterum
1189 2245 1424 2300 ignorantiae
1452 2262 1575 2288 accu-

279 2334 354 2373 sat,
392 2335 461 2366 aut
500 2325 642 2365 saltem
684 2331 923 2378 suspectum
959 2323 1105 2372 reddit,
1141 2323 1223 2363 imo
1261 2338 1340 2364 non
1380 2338 1467 2363 raro
1504 2339 1576 2377 per

278 2400 580 2451 translationem
618 2402 835 2440 verborum
878 2398 961 2440 sine
997 2415 1134 2450 sensu,
1175 2415 1216 2440 se
1262 2398 1340 2453 ipsi
1379 2399 1574 2439 condem-

281 2476 748 2530 nant.—Praecept01·es
772 2475 799 2516 J
806 2476 1012 2516 udaeorum
1038 2474 1214 2530 aliquam
1240 2474 1405 2529 quidem
1427 2473 1574 2529 linguae

279 2551 556 2606 cognitionem
598 2560 913 2593 conservarunt:
951 2567 1089 2592 verum
1120 2550 1189 2602 illi,
1215 2566 1387 2607 qnorum
1425 2550 1575 2605 scripta

279 2629 487 2675 habemus,
555 2627 681 2668 multo
726 2627 844 2667 etiam
894 2626 1062 2680 longiori
1112 2625 1305 2680 temporis
1349 2625 1572 2676 intervallo,
