1915 3293
946 380 1010 427 26

399 504 476 546 Ast
500 521 643 549 merces
665 507 723 548 71,ae
736 507 975 563 peregrinae,
997 508 1185 564 inquiunt
1207 509 1288 560 alii,
1307 509 1458 565 populo
1482 507 1622 550 Clzris-

332 580 444 621 tiano
479 582 620 637 offerri
652 598 731 624 ηοη
758 590 956 638 possunt;
1004 584 1183 625 studium
1218 586 1358 641 itaque
1398 586 1633 642 linguarum

331 656 388 696 ad
408 657 708 700 instructionem
743 659 888 714 populi
915 659 978 700 m'l
1012 660 1183 717 confert,
1221 662 1286 702 cui
1319 663 1446 703 multo
1480 662 1622 704 melius

331 732 701 791 consultumforet,
727 736 761 775 si
782 735 956 789 juvenes
980 734 1157 792 theologi
1194 734 1353 787 Biblia,
1377 738 1460 779 sine
1493 753 1622 793 appa-

330 816 426 850 ratu
451 810 700 867 linguarum,
724 812 837 853 modo
865 813 994 867 plano
1027 813 1223 868 erplicari
1246 813 1450 863 audirent,
1476 823 1514 856 et
1545 816 1620 867 ita,

327 886 598 944 intelligentes
620 905 779 931 sacram
803 891 1064 945 scripturam,
1090 892 1146 932 ad
1168 907 1336 932 munera
1355 892 1622 934 ecclesiastica

329 963 688 1005 accederent.—Si
712 981 759 1006 ea
782 966 936 1014 omnia,
972 982 1061 1022 quae
1097 984 1178 1008 non
1215 967 1448 1008 immediate
1483 969 1533 1008 ad
1562 967 1624 1009 in-

328 1039 591 1082 structionem
617 1041 761 1096 populi
786 1041 1003 1083 Christiani
1027 1045 1258 1095 conferunt,
1283 1060 1304 1084 e
1330 1043 1479 1085 scholis
1505 1044 1623 1085 theo-

327 1116 462 1172 logiae,
489 1119 733 1161 eliminanda
756 1122 908 1162 forent:
947 1137 1032 1162 sors
1067 1122 1154 1162 haec
1180 1123 1353 1170 caderet,
1380 1137 1462 1162 non
1488 1121 1622 1162 solum

329 1193 368 1233 in
394 1194 716 1250 philosophiam,
748 1198 818 1237 sed
844 1196 964 1237 etiam
990 1197 1028 1237 in
1053 1197 1259 1237 historiam
1285 1197 1623 1249 ecclesiasticam,

326 1268 368 1309 in
398 1270 468 1325 jus
499 1271 760 1322 canon’1cum,
806 1271 847 1312 in
885 1272 1134 1327 theologiam
1174 1272 1465 1326 dogmaticam,
1502 1282 1542 1313 et
1581 1272 1622 1313 in

326 1344 459 1400 ipsam
499 1363 663 1402 quoque
705 1347 903 1388 eruditam
939 1347 1197 1402 disciplinam
1241 1347 1451 1399 moralem,
1492 1347 1622 1402 qualis

327 1433 434 1459 nunc
460 1419 624 1475 quidem
647 1419 685 1460 in
711 1420 862 1461 scholis
888 1420 1069 1461 traditur.
1141 1419 1310 1461 Scilicet
1335 1420 1467 1461 omnis
1491 1435 1623 1475 appa-

326 1503 434 1535 ratus
459 1495 694 1537 eruditionis
717 1497 873 1550 populo
895 1511 976 1536 non
992 1496 1198 1546 convenit,
1223 1496 1483 1537 nihilominus
1505 1497 1622 1536 theo-

326 1569 444 1625 logus
468 1587 518 1612 eo
542 1573 665 1612 debet
688 1586 775 1611 esse
810 1570 1045 1619 instructus,
1072 1582 1160 1611 tum
1196 1580 1239 1611 ut
1275 1570 1365 1625 ipse
1396 1571 1623 1612 doctrinam

327 1647 534 1702 religionis
566 1648 673 1688 clare
708 1646 945 1702 perspiciat,
983 1656 1024 1688 et
1063 1649 1113 1687 ab
1147 1646 1324 1687 erroneis
1361 1646 1621 1701 opinionibus

326 1723 542 1776 discernat,
579 1733 666 1765 tum
707 1733 750 1764 ut
789 1739 855 1764 eas
892 1723 1048 1778 populo
1087 1722 1266 1764 dilucide
1297 1738 1543 1777 proponere,
1579 1733 1620 1764 et

323 1800 448 1839 modo
473 1798 661 1854 populari
685 1800 928 1853 persuadere
955 1798 1097 1853 possit,
1130 1814 1213 1853 quo
1247 1797 1285 1838 in
1312 1797 1475 1851 negotio
1499 1797 1619 1839 toties

327 1884 388 1916 est
411 1891 508 1916 usus
533 1875 778 1930 linguarum,
802 1874 960 1929 quoties
982 1873 1225 1914 testimoniis
1244 1889 1367 1914 sacrae
1395 1873 1619 1928 scripturae,

327 1964 416 2003 quae
441 1957 551 1989 recte
575 1947 836 2001 intelligenda
860 1956 900 1988 et
924 1948 1168 2001 exponenda
1187 1956 1292 1995 sunt,
1315 1947 1518 2000 agendum
1545 1956 1618 1998 est,

325 2038 408 2064 non
431 2023 597 2078 quidem
623 2032 804 2073 eatenus,
830 2032 874 2063 ut
897 2024 979 2063 ulla
1003 2024 1053 2063 de
1074 2021 1223 2075 linguis
1248 2022 1320 2062 fiat
1343 2021 1511 2072 mentio,
1547 2024 1618 2063 sed

324 2106 369 2139 ut
392 2113 508 2139 verus
534 2114 685 2146 sensus,
723 2098 790 2153 qui
827 2114 908 2152 ope
943 2098 1170 2152 linguarum
1207 2096 1466 2151 perspicitur,
1494 2099 1618 2137 modo

326 2174 467 2228 plano,
517 2176 669 2229 absque
712 2173 792 2214 ulla
833 2173 1062 2228 linguarum
1106 2171 1327 2223 mentione,
1373 2181 1614 2226 exponatur.

325 2250 535 2292 Nimirum
583 2250 741 2305 populo
786 2248 1018 2292 Christiano
1061 2265 1143 2290 non
1185 2257 1326 2290 cortex
1363 2247 1614 2301 eruditionis,

326 2327 399 2367 sed
421 2325 592 2367 nucleus
616 2325 809 2367 doctrinae
831 2325 1065 2366 offerendus
1091 2333 1179 2375 est3
1221 2334 1281 2366 ast
1305 2323 1360 2364 vir
1394 2323 1616 2364 ecclesias-

325 2402 429 2444 ticus
474 2401 650 2443 eruditus
695 2401 744 2442 sit
791 2410 970 2455 oportet,
1019 2410 1063 2441 ut
1104 2399 1298 2441 corticem
1337 2401 1535 2454 frangere,
1577 2410 1616 2441 et

325 2482 518 2521 nucleum
552 2479 727 2520 eximere
769 2478 912 2534 possit.
984 2477 1146 2524 Quodsi
1181 2478 1325 2518 doctor
1362 2476 1494 2531 plebis
1533 2492 1616 2518 non

324 2557 453 2597 multo
496 2556 613 2610 plura
648 2564 688 2596 et
724 2553 923 2609 ampliora
968 2554 1093 2605 novit,
1140 2569 1262 2608 quam
1300 2567 1389 2608 quae
1438 2551 1616 2606 populus

325 2633 558 2672 edocendus
599 2640 683 2672 est:
730 2646 780 2671 ne
822 2629 920 2685 quid
952 2629 1137 2671 acerbius
1179 2628 1328 2680 dicam,
1363 2629 1532 2684 jejunus
1574 2637 1615 2668 et

326 2706 531 2761 pertenuis
552 2707 638 2748 erit.
699 2707 769 2750 De
808 2705 1044 2747 doctoribus
1073 2705 1230 2760 populi,
1265 2704 1433 2747 scientia
1473 2703 1613 2758 Scrip-
