1915 3293
983 386 1045 430 74

382 501 450 544 Jo.
493 503 657 544 Simeon
700 504 918 560 Lindinger
965 509 1014 547 de
1061 507 1294 548 Ebraeorum
1341 517 1518 549 veterum
1562 518 1643 548 arte

448 579 617 629 medica,
643 582 692 621 de
719 580 917 622 Daemone
949 591 988 623 et
1013 582 1300 624 Daemoniacis.
1345 618 1352 625 .
1391 584 1577 625 Servesne
1606 591 1643 624 et

1273 659 1494 713 Leucoreae,
1521 666 1643 706 1774·

386 754 1026 799 Rledicinisch-hermeneutische
1055 758 1367 813 Untersuchung
1402 761 1470 800 der
1503 760 1541 801 in
1577 761 1647 800 der

448 831 565 872 Bibel
590 835 927 875 voi-kommenden
954 833 1419 888 Krankengeschichten,
1459 866 1467 875 .
1507 834 1646 889 Leipz.

1532 917 1649 958 1794.

385 1003 505 1051 (Haec
543 1007 675 1048 onmia
708 1009 901 1049 debentur
937 1009 1087 1050 clariss.
1131 1010 1285 1050 Bavero
1326 1025 1367 1063 p.
1395 1013 1491 1049 300.
1539 1008 1650 1049 Her-

446 1092 620 1124 meneut.
649 1084 777 1141 Sacr.)

383 1180 729 1225 ΤΡΙΣΑΓΙΟΝ.
790 1184 880 1226 Sive
915 1184 1082 1239 Templi
1116 1172 1470 1238 Hierosolymitani
1505 1185 1648 1240 triplex

448 1258 673 1301 delineatio.
745 1261 850 1308 Una,
877 1277 925 1302 ex
951 1261 1147 1317 scriptura
1171 1263 1289 1318 juxta
1312 1271 1486 1303 mentem
1510 1262 1654 1302 Villal-

446 1336 581 1389 pandi,
617 1346 654 1378 et
691 1338 1002 1393 descriptionem
1040 1342 1090 1380 ab
1129 1354 1177 1379 eo
1213 1340 1384 1380 factam:
1440 1340 1559 1379 altera
1600 1355 1647 1379 ex

447 1411 619 1467 Josephi
641 1424 774 1455 mente
797 1423 838 1455 et
861 1413 1155 1469 descriptione3
1202 1414 1313 1455 tertia
1344 1430 1392 1455 ex
1414 1414 1650 1456 Judaeorum

450 1488 488 1528 in
513 1489 710 1531 Talmude
734 1490 1019 1545 descriptione,
1043 1500 1083 1530 et
1108 1492 1226 1546 juxta
1251 1506 1455 1530 mensuras
1479 1492 1528 1530 ab
1552 1489 1648 1544 ipsis

446 1564 560 1606 isthic
585 1567 761 1618 traditas,
787 1583 858 1622 per
876 1565 1131 1607 Ludovicum
1151 1565 1380 1620 Capellam.
1449 1565 1497 1605 In
1522 1581 1650 1620 appa-

448 1650 534 1681 ratu
559 1641 708 1683 biblico
736 1643 826 1684 Pol.
854 1641 986 1683 Lond.
1013 1641 1234 1697 praemisso.

384 1750 620 1805 Kaempferi
665 1751 912 1792 amoenitates
954 1749 1148 1797 Exoficae,
1198 1748 1344 1804 quibus
1398 1747 1649 1788 continentur

445 1825 557 1867 variae
582 1827 894 1879 observationes,
920 1829 980 1868 &c
989 1856 1328 1870 ........
1369 1824 1508 1880 Lemg.
1533 1829 1650 1868 1712.

352 1933 486 1976 Joh.
521 1934 615 1980 Jac.
660 1936 876 1978 Schmidts.
922 1936 1029 1977 Bibl.
1073 1935 1284 1989 physicus.
1337 1933 1476 1990 Leipz.
1529 1939 1646 1979 1731.

448 2012 671 2054 Biblischer
706 2014 912 2066 Medicus,
957 2013 1188 2063 Zie'lliclzau,
1219 2018 1340 2059 1743.
1411 2012 1520 2053 Bibl.
1553 2012 1650 2052 Ma-

451 2088 687 2130 thematicus
694 2119 1232 2130 ............
1273 2087 1501 2139 Zama-han,
1531 2088 1647 2133 1736.

351 2196 676 2253 Hassclquist's
703 2199 903 2254 Voyages.
940 2233 946 2239 .
982 2232 987 2238 .
1030 2231 1037 2238 .
1080 2229 1089 2240 .
1131 2232 1137 2238 .
1181 2231 1188 2238 .
1231 2232 1237 2238 .
1279 2231 1285 2238 .
1321 2232 1328 2239 .
1370 2197 1646 2242 Lond.1766.
