1915 3293
899 370 963 416 24

293 502 335 533 ut
373 494 470 533 tales
503 493 626 533 simus
659 494 850 547 theologi,
891 498 1044 549 quales,
1083 506 1234 538 mutata
1264 499 1352 553 jain
1393 497 1573 538 oninium

291 567 495 608 literarum
540 569 785 617 conditione,
823 579 917 610 aetas
954 581 1088 611 nostra
1130 573 1308 627 requirit,
1353 576 1402 614 ad
1441 573 1577 613 omnia

289 660 457 684 munera
502 646 779 687 ecclesiastica
824 646 1055 688 instructos.
1119 648 1162 687 Si
1203 649 1272 689 illa
1313 650 1574 701 incrementa,

290 735 379 773 quae
410 719 685 774 philosophia,
713 720 928 769 medicina,
950 731 990 762 et
1007 722 1339 778 jurisprudentia,
1355 725 1437 765 imo
1456 724 1576 765 etiam

288 809 349 834 ars
382 794 528 834 bellica
566 805 704 836 nostro
741 811 828 836 aevo
869 796 991 850 cepit,
1035 812 1111 837 nec
1151 797 1464 851 vilipenduntur,
1501 814 1578 839 nec

287 868 558 922 negliguntur,
583 871 657 910 etsi
681 870 902 925 majoribus
927 872 1071 912 nostris
1097 873 1286 913 deerant:
1332 872 1579 913 incrementa

287 960 450 998 quoque
490 945 717 999 theologiae,
751 962 841 1000 quae
880 961 902 986 a
939 947 1161 1002 majoribus
1207 948 1352 988 nostris
1393 948 1581 1002 neglecta

287 1028 414 1069 erant,
441 1036 630 1074 spernere
655 1030 694 1061 et
719 1021 1025 1075 praetermittere
1057 1039 1178 1064 nemo
1211 1032 1360 1079 potest,
1386 1023 1461 1064 nisi
1499 1025 1577 1064 hoc

284 1094 376 1149 ipso
401 1095 627 1149 segnitiem,
655 1105 694 1137 et
721 1096 915 1138 incuriam
949 1113 1029 1139 non
1055 1101 1186 1139 solum
1219 1115 1353 1139 rerum
1378 1099 1578 1153 theologi-

287 1185 437 1218 carum,
463 1173 533 1210 sed
568 1171 689 1211 etiam
723 1171 916 1213 doctrinae
943 1173 1164 1226 religionis,
1194 1174 1376 1227 profiteri
1403 1175 1580 1215 velit.—

288 1245 449 1290 Quodsi
474 1248 642 1287 fortasse
669 1247 852 1302 quipiam
879 1258 1182 1303 conqueruntur
1213 1249 1392 1290 studium
1415 1250 1579 1306 lingna-

285 1336 376 1361 rum
387 1323 603 1376 juventuti
628 1323 796 1363 nimium
831 1338 965 1364 creare
1001 1324 1194 1373 laborem,
1221 1324 1385 1364 audiant
1409 1324 1578 1366 Cicero-

288 1414 397 1446 nem,
437 1400 534 1440 licet
570 1399 794 1451 ethnicum,
839 1400 907 1455 qui
945 1400 1132 1441 scribit&
1182 1400 1411 1442 “Maxime
1443 1410 1579 1443 autem

289 1472 319 1491 “
343 1474 430 1514 haec
455 1482 550 1514 aetas
567 1475 853 1528 (juventutis).
878 1505 887 1515 .
909 1504 919 1516 .
944 1477 1193 1516 ‚exercenda
1204 1476 1243 1516 in
1257 1478 1397 1516 labore
1422 1477 1579 1530 patien-

289 1549 320 1566 “
346 1548 484 1604 tiaque
506 1558 545 1590 et
571 1549 693 1589 animi
717 1559 757 1589 et
781 1550 1077 1603 corporiS.”—-

354 1623 440 1669 Qui
465 1623 540 1663 sibi
565 1624 748 1664 videntur
773 1623 924 1678 aliquid
956 1624 1106 1675 dicere,
1136 1641 1230 1666 cum
1256 1626 1386 1667 studia
1420 1627 1579 1683 lingua-

287 1714 373 1740 rum
399 1715 447 1740 ex
474 1715 523 1740 eo
549 1699 765 1754 impetunt,
792 1701 903 1754 quod
926 1701 1055 1754 pauci
1069 1700 1187 1754 fiant
1210 1703 1350 1756 magui
1376 1703 1582 1761 philologi

287 1782 325 1816 et
350 1776 600 1830 interpretes,
629 1790 772 1829 reapse
809 1774 908 1814 nihil
938 1774 1095 1816 dicunt.
1167 1776 1233 1816 An
1273 1792 1354 1818 non
1389 1780 1581 1820 observa-

289 1862 393 1901 runt,
420 1869 534 1908 aeque
559 1868 714 1907 paucos
750 1852 837 1893 fieri
867 1868 1035 1906 magnos
1060 1853 1343 1908 philosophos,
1375 1856 1581 1909 physicos,

287 1928 610 1976 mathematicos,
634 1927 864 1979 historicos,
889 1928 1084 1976 medicos,
1108 1928 1439 1984 jurisconsultos,
1466 1932 1582 1973 theo-

286 2008 402 2060 logos
449 2005 715 2059 dogmzzfflcos,
764 2015 804 2046 et
850 2022 985 2046 saeros
1033 2008 1245 2047 oratores?
1311 2008 1400 2062 quis
1447 2018 1582 2050 autem

289 2089 508 2136 propterea
556 2097 736 2135 unquam
777 2098 897 2122 ausus
937 2092 1012 2129 est,
1055 2081 1164 2136 ipsas
1202 2083 1274 2123 has
1319 2084 1512 2126 scientias
1541 2086 1583 2126 in

291 2157 559 2213 quaestionem
583 2159 757 2197 vocare?
810 2173 882 2198 cur
902 2157 1038 2213 itaque
1067 2161 1198 2199 solum
1223 2160 1402 2200 studium
1424 2161 1583 2215 lingua-

290 2248 380 2274 rum
417 2233 493 2273 hac
528 2234 578 2273 de
620 2248 763 2273 caussa
798 2234 1015 2274 accusant?
1072 2238 1185 2275 estne
1220 2234 1260 2275 id
1291 2235 1484 2287 virorum,
1515 2238 1583 2292 qui

291 2308 368 2349 sibi
390 2308 794 2357 constant?—Quod
817 2310 989 2359 addunt3
1019 2309 1247 2365 plerosque,
1271 2310 1417 2365 etfere
1439 2326 1581 2364 omnes,

289 2384 361 2439 qui
395 2384 438 2424 in
461 2383 602 2424 scholis
637 2399 800 2438 operam
836 2383 988 2440 linguis
1022 2394 1243 2436 nst-carum,
1271 2386 1458 2441 posthac,
1497 2403 1584 2443 quae

290 2458 530 2509 didicerant,
550 2459 743 2510 oblivisci,
764 2474 889 2514 neque
914 2460 992 2502 haec
1015 2461 1164 2512 studia,
1181 2463 1230 2504 ob
1247 2463 1446 2520 defectum
1462 2463 1586 2506 libro-

663 2604 833 2614 e-e‘eaeoon
838 2604 1220 2616 eeeeeeeeeeeeeeeeeeee

616 2693 634 2713 ἐξ
668 2692 726 2727 De
754 2691 865 2729 Offic.
891 2692 1005 2732 Lil›.i.
1028 2698 1090 2731 34.
1122 2706 1155 2741 p.
1176 2692 1262 2731 856.
