1915 3293
894 368 943 411 17

274 490 298 502 ‘¹
327 486 450 528 literis
486 486 576 532 tuis.
622 504 711 542 quae
745 488 783 527 in
817 504 959 529 manus
996 498 1154 529 nostras
1192 486 1402 541 pervenire
1440 499 1559 542 potu-

271 564 298 579 “
322 572 448 610 erunt,
473 572 672 617 apparent
696 579 775 609 res,
802 573 844 604 ut
868 563 966 604 nihil
988 562 1215 604 studiorum
1242 577 1428 603 meorum
1455 564 1556 603 mal-

273 641 300 655 “
324 637 419 683 lem,
470 655 606 694 quani,
648 640 679 679 si
717 656 896 694 possem,
933 640 1124 679 inhaerere
1162 637 1276 678 lateri
1316 647 1403 687 tuo,
1447 640 1557 692 quod

270 716 297 730 ⁴'
325 713 420 768 quia
453 730 533 756 non
570 731 758 769 possum,
797 715 973 769 aliquem
1011 723 1256 761 nostrorum,
1295 713 1333 753 in
1375 714 1559 754 Domino

268 792 294 805 '¹
322 789 516 837 filiorum,
565 791 832 832 erudiendum
874 790 1009 840 nobis,
1052 792 1101 830 ad
1136 798 1175 830 te
1214 789 1374 830 mittere
1409 789 1560 844 cogito,

272 866 298 881 “
325 864 357 904 si
393 865 513 906 etiam
557 868 607 906 de
641 867 715 906 hac
750 865 945 920 rescripta
984 866 1221 906 meruero.'’
1292 866 1458 910 Quanta
1502 873 1562 905 est

272 940 358 981 haec
384 940 612 996 linguarum
647 941 886 982 aestimatio!
932 950 1082 995 quanta
1113 940 1338 982 doctissimi
1366 940 1562 995 Episcopi

271 1016 526 1056 observantia
547 1032 641 1071 erga
664 1015 926 1070 interpretem
958 1015 1186 1056 Bibliorum
1210 1015 1356 1069 linguis
1391 1015 1562 1056 instruc-

269 1090 523 1132 tum!—De
568 1091 826 1145 Hieronymo
863 1091 953 1144 ipso
994 1106 1076 1131 non
1110 1099 1184 1140 est,
1223 1092 1333 1144 quod
1377 1090 1563 1140 ‹licatur3

267 1164 525 1206 notissimum
548 1166 656 1206 enim
682 1175 756 1213 est,
783 1175 980 1220 quantum
1017 1164 1200 1204 studium
1226 1164 1375 1217 linguis
1402 1164 1562 1219 impen-

269 1241 386 1289 derit,
410 1251 450 1282 et
474 1251 669 1296 quantum
695 1242 772 1282 sibi
800 1257 871 1295 per
893 1242 971 1281 hoc
993 1241 1128 1294 ipsum
1156 1240 1343 1280 invidiam
1371 1251 1562 1281 contrax-

268 1316 343 1357 erit
389 1317 749 1361 calumniatorum,
798 1315 948 1371 quibus
987 1315 1025 1354 in
1071 1315 1254 1369 epistolis
1293 1317 1376 1356 suis
1414 1318 1562 1364 facete,

268 1393 458 1447 graviter,
507 1404 547 1434 et
592 1409 672 1435 non
718 1409 808 1433 raro
856 1408 1022 1448 quoque
1067 1394 1213 1433 acerbe
1260 1395 1565 1446 respondet.—

269 1468 354 1509 Alii
396 1469 583 1511 ecclesiae
621 1478 758 1523 patres
790 1486 911 1524 qnam
949 1471 1099 1523 plures,
1142 1478 1184 1509 ut
1229 1467 1564 1522 Chrysostomus,

274 1543 472 1591 Basilius,
499 1543 803 1588 Theodoretus.
841 1544 915 1584 etsi
949 1544 1178 1596 linguarum
1213 1543 1355 1598 ignari,
1380 1560 1564 1587 recurre-

273 1627 365 1659 runt
410 1627 544 1660 tamen
587 1619 627 1659 in
676 1618 833 1674 scriptis
884 1619 965 1659 suis
1006 1619 1160 1673 passim
1202 1622 1251 1660 ad
1293 1620 1484 1675 Origenis
1526 1632 1567 1663 et

274 1693 521 1748 Hieronymi
564 1693 859 1749 explicationes
896 1697 1110 1735 verborum
1158 1695 1477 1747 Hebraicorum,
1525 1707 1567 1738 et

273 1785 347 1825 per
388 1771 466 1811 hoc
507 1769 645 1824 ipsum
691 1770 977 1812 necessitatem
1023 1770 1268 1825 linguarum,
1315 1787 1365 1811 eo
1407 1773 1566 1826 gravius

278 1847 616 1899 comprobarunt,
652 1861 734 1899 quo
763 1846 945 1900 graviora
983 1846 1116 1887 verbis
1151 1856 1244 1887 sunt
1282 1848 1400 1888 facta.
1460 1847 1571 1889 Hinc

277 1920 399 1961 etiam
421 1923 690 1975 repetendum
715 1931 792 1968 est,
830 1924 938 1976 quod
972 1922 1083 1963 omni
1116 1930 1233 1962 aetate
1265 1921 1369 1961 inter
1393 1904 1571 1977 reliquos

278 2012 420 2038 omnes
457 1996 673 2050 theologos
714 1998 836 2050 longe
876 1996 1121 2036 eminuerint
1162 1995 1232 2042 illi,
1271 1995 1341 2049 qui
1380 2004 1489 2036 vasta
1533 2005 1573 2036 et

278 2073 418 2115 subtili
456 2072 685 2127 linguarum
724 2071 894 2112 scientia
933 2071 1061 2112 ornati
1097 2080 1224 2112 erant.
1287 2071 1368 2110 Sed
1408 2073 1458 2112 de
1494 2072 1571 2112 hoc

276 2151 498 2199 hactenu83
545 2157 668 2189 restat
692 2148 816 2195 enim,
844 2157 886 2188 ut
917 2148 1195 2193 ostendamus,
1230 2145 1336 2186 solas
1362 2146 1571 2200 archetypi

279 2225 437 2280 linguas
474 2233 615 2266 nostro
646 2241 732 2265 aevo
770 2225 989 2279 nequidem
1025 2225 1208 2265 sufficere
1247 2224 1456 2278 theologo,
1498 2225 1570 2264 sed

281 2301 527 2344 necessarias
564 2317 728 2356 quoque
761 2316 850 2341 esse
887 2300 1085 2341 dialectos
1113 2299 1332 2341 Hebraicae
1360 2308 1568 2354 cognatas,

281 2377 511 2419 Aramaeam
541 2375 765 2431 praesertim
806 2386 846 2416 et
881 2374 1119 2423 Arabicam,
1145 2385 1185 2416 et
1209 2375 1295 2416 sine
1326 2374 1385 2415 his
1425 2376 1572 2416 frustra

282 2451 434 2507 sperari
456 2451 646 2493 subtilem
682 2451 909 2506 linguarum
947 2451 1158 2506 archetypi
1183 2450 1410 2492 scientiam.
1472 2449 1570 2491 Hoc

282 2543 377 2568 vero
397 2536 679 2581 argumentum
702 2529 827 2582 paulo
850 2526 968 2568 altius
995 2529 1261 2581 repetendum
1288 2536 1364 2567 est.
