1915 3293
840 373 896 417 :37

229 501 266 540 id
304 518 390 542 esse
430 500 580 541 videtur
613 497 872 548 docentibus,
904 498 971 553 qui
1004 513 1083 538 non
1119 497 1300 543 deerunt,
1331 510 1404 550 pro
1438 496 1492 535 rei

229 578 429 630 gravitate,
458 586 497 617 et
529 591 602 631 pro
638 592 712 617 suo
748 576 887 617 harum
923 574 1121 616 literarum
1163 588 1298 614 amore
1340 571 1495 613 animos

229 654 450 695 auditorum
476 669 652 701 suorum,
684 654 734 693 ad
767 668 912 707 magna
943 652 1126 692 audenda
1160 659 1200 690 et
1235 649 1496 705 perficienda,

229 729 357 771 verbis
399 740 439 771 et
473 731 663 785 exemplo
706 728 871 783 erigere.
944 727 992 768 Id
1028 743 1151 768 unum
1192 726 1374 767 omittere
1415 740 1496 767 non

229 821 409 860 possum,
435 822 523 847 esse
547 806 586 846 in
612 804 752 846 Bibliis
790 805 1003 859 permulta,
1036 819 1124 859 quae
1163 804 1392 844 adhucdum
1432 802 1496 841 lu-

226 896 316 922 cem
337 898 386 923 ex
411 882 534 923 literis
557 880 816 923 orientalibus
837 879 1080 930 desiderant,
1100 881 1282 934 adeoque
1306 893 1496 932 campum

227 958 334 998 hunc
367 957 558 999 latissime
591 966 741 1012 patere,
778 957 817 997 in
846 971 928 1011 quo
964 954 1114 996 utiliter
1139 952 1298 1002 versari,
1339 959 1379 991 et
1412 959 1497 990 tuni

226 1034 457 1074 thesaurum
483 1035 532 1074 ad
558 1033 771 1074 salutarem
807 1031 982 1073 muneris
1013 1028 1277 1073 ecclesiastici
1309 1024 1500 1068 adminis-

227 1108 437 1150 trationem
474 1109 679 1164 colligere,
716 1121 802 1150 tum
841 1109 891 1149 ad
933 1116 1084 1148 rectam
1130 1104 1335 1159 scripturae
1376 1114 1498 1142 sacrae

226 1183 596 1239 interpretationem
632 1193 672 1226 et
711 1200 840 1233 usum,
884 1182 1099 1239 plurimum
1142 1181 1338 1227 conferre,
1379 1185 1498 1232 atque

226 1259 279 1301 ita
320 1260 531 1302 utilitatem
573 1260 771 1301 Ecclesiae
808 1259 1026 1301 efficaciter
1059 1271 1309 1313 promovere,
1346 1268 1392 1294 ac
1424 1250 1501 1293 sibi

224 1353 388 1393 quoque
428 1337 696 1377 immortalem
739 1337 907 1391 gloriam
954 1350 1189 1389 comparare
1241 1340 1424 1387 possunt,
1467 1327 1500 1368 si

223 1411 398 1453 studium
432 1413 509 1453 hoc
546 1428 694 1467 magno
726 1412 859 1454 animo
899 1410 1191 1467 aggrediantur,
1223 1417 1262 1450 et
1304 1403 1500 1448 irremissa

227 1488 388 1530 solertia
413 1498 724 1543 prosequantur.

748 1649 919 1679 ψ

567 1797 1007 1855 SYLLOGE,
1054 1799 1150 1850 &o

764 1967 901 2015 SECT.
940 1969 979 2014 I.

329 2130 718 2168 GRAMMATICAE
756 2132 822 2167 ET
866 2130 1067 2168 LEXICA
1108 2130 1402 2169 HEBRAICA.

228 2240 246 2259 ἢ
259 2233 536 2277 Grammatica
553 2234 720 2291 Linguae
744 2235 946 2283 Hebroeae,
965 2235 1145 2277 Auctore
1158 2235 1200 2277 J.
1217 2236 1340 2286 Jahn,
1362 2236 1501 2278 Viemz.

1382 2319 1501 2360 1809.

230 2401 248 2421 '⁵³⁶
262 2395 456 2439 Gulielmi
471 2397 710 2440 Schroederi
726 2397 1001 2440 Institutiones
1026 2401 1076 2440 ad
1102 2401 1362 2442 fundamenta
1376 2399 1499 2454 Ling.

296 2471 395 2514 Heb
400 2504 1143 2517 ................
1183 2475 1349 2526 Stettin,
1379 2481 1500 2522 1792.

790 2589 864 2600 ΝΜ
870 2587 1172 2599 eme-‘semem

293 2653 316 2675 ’κ
348 2652 515 2691 Lectores
541 2654 601 2690 hic
621 2655 775 2692 monitos
794 2666 871 2691 esse
899 2654 1080 2700 volumus,
1108 2666 1172 2691 nos
1200 2653 1308 2691 libros
1326 2666 1387 2691 eos
1412 2659 1504 2691 aste-

237 2717 349 2754 rismo
366 2723 528 2765 notasse,
547 2720 606 2768 qui
626 2719 793 2755 studiosis
816 2717 996 2767 imprimis
1015 2718 1092 2755 usui
1111 2731 1189 2756 esse
1210 2725 1370 2767 possunt.

850 2778 875 2818 Ιι
