1915 3293
889 333 950 376 :39

262 457 448 509 rusticos,
492 457 559 511 qui
609 455 794 496 Latinam
845 455 1068 496 orationem
1123 454 1386 504 dominicam,
1426 472 1547 510 quani

263 531 410 585 saepins
453 530 493 570 in
540 530 713 570 ecclesia
755 529 955 570 decantari
993 529 1245 575 audiverunt,
1296 544 1317 567 e
1358 530 1553 569 memoria

264 605 497 652 recitabant,
525 605 596 646 etsi
640 622 847 661 nunquam
875 605 1168 659 cogitaverunt,
1194 614 1237 645 ut
1267 621 1356 645 earn
1397 621 1556 646 memo-

262 681 326 720 riae
373 681 665 736 imprimerent.
736 681 902 730 Paucis,
943 680 1048 721 sicut
1088 680 1270 721 omnium
1315 681 1555 732 studiorum,

262 755 316 796 ita
340 755 523 811 inprimis
563 757 681 798 studii
704 756 930 810 linguarum
965 755 1099 796 anima
1127 765 1187 796 est
1216 756 1465 810 frequentior
1496 771 1560 796 re-

265 832 423 886 petitio.
487 834 565 874 Per
596 834 699 873 lianc
738 847 820 872 non
859 830 992 872 solum
1028 831 1164 885 lingua
1196 831 1302 886 ipsa,
1336 833 1406 872 sed
1439 831 1558 872 etiam

267 907 548 951 Grammatica
605 908 798 949 discenda
846 916 919 958 est,
967 923 1042 948 nec
1103 907 1279 961 amplius
1327 908 1557 963 requiritur,

264 1001 386 1039 quarn
420 996 462 1027 ut
488 985 766 1041 paradigmata
803 984 1067 1025 inflexionum
1106 983 1256 1038 saepius
1290 984 1485 1038 legantur,
1521 993 1562 1026 et

265 1060 351 1102 aliae
391 1077 512 1103 voces
549 1065 599 1102 ad
638 1077 685 1102 ea
720 1061 992 1107 inflectantur.
1035 1069 1157 1116 atque
1197 1062 1276 1102 hoc
1323 1062 1560 1102 exercitium

266 1135 450 1177 flexionis
492 1137 613 1178 etiam
661 1136 837 1178 scribere
884 1152 966 1177 non
1009 1135 1162 1191 pigeat,
1205 1145 1246 1177 et
1291 1153 1362 1177 cur
1409 1137 1559 1192 pigeat,

268 1227 362 1253 cum
384 1213 435 1254 sit
465 1213 580 1254 labor
603 1213 709 1254 lusui
741 1212 998 1253 simillimus?
1060 1212 1290 1253 Universim
1315 1213 1564 1267 experientia

268 1290 406 1341 docet,
429 1288 667 1329 exercitium
692 1288 978 1342 descriptionis
1005 1297 1091 1328 tum
1113 1288 1451 1343 paradigmatum,
1478 1298 1564 1329 tum

268 1364 588 1418 fragmentorum
631 1361 837 1413 orationis,
871 1378 962 1417 quae
993 1364 1082 1418 jam
1122 1362 1328 1403 intellecta
1369 1371 1477 1414 sunt,
1514 1365 1562 1403 ad

266 1439 479 1481 discendas
518 1439 675 1493 linguas
715 1446 896 1480 mortuas
939 1440 1125 1480 conferre
1163 1438 1398 1493 plurimum,
1449 1440 1566 1496 cujus

269 1515 369 1556 ratio
395 1530 476 1556 non
503 1514 719 1556 difficulter
744 1513 1017 1569 perspicitur3
1065 1530 1159 1554 nam
1193 1513 1234 1554 in
1260 1513 1323 1564 iis,
1349 1530 1438 1570 quae
1464 1514 1566 1556 scri-

269 1591 420 1639 bimus,
465 1592 562 1631 dum
609 1590 838 1646 quamlibet
889 1589 1093 1630 literarum
1141 1589 1364 1644 pingimus,
1419 1590 1567 1632 diutius

269 1669 483 1718 haeremus,
507 1682 630 1721 quam
668 1666 708 1706 in
745 1666 807 1717 iis,
832 1681 923 1720 quae
950 1667 1144 1706 duntaxat
1167 1665 1365 1720 legimus;
1408 1674 1448 1706 et
1472 1666 1565 1707 hine

268 1743 411 1785 fortior
448 1743 489 1784 in
530 1741 770 1783 memoriam
811 1741 857 1782 fit
891 1741 1122 1796 impressio,
1161 1740 1256 1796 quia
1293 1757 1375 1796 quo
1417 1741 1568 1784 diutius

271 1819 353 1873 agit
377 1835 515 1871 causa,
541 1833 591 1859 eo
615 1819 748 1874 major
773 1826 833 1858 est
864 1817 1051 1859 effectus.
1113 1817 1194 1858 Per
1230 1817 1465 1872 hujusmodi
1495 1833 1569 1859 sae-

276 1895 366 1950 pius
391 1894 585 1949 repetitas
609 1893 809 1934 lectiones
839 1902 879 1933 et
915 1893 1159 1948 scriptiones
1192 1893 1473 1947 disparebunt,
1504 1904 1573 1937 aut

270 1971 332 2012 vix
373 1970 595 2012 sentientur
634 1970 756 2011 etiarn
791 1969 869 2010 illae
905 1969 1181 2020 difficultates,
1219 1985 1309 2024 quae
1349 1970 1444 2011 alias
1483 1986 1575 2011 nas-

271 2057 418 2091 cuntur
443 2065 492 2090 ex
518 2047 778 2090 multitudine
809 2064 973 2096 vocum,
1002 2046 1347 2102 significationum
1386 2057 1426 2088 et
1451 2049 1574 2102 phra-

271 2128 390 2179 sium,
426 2143 517 2183 quae
563 2134 700 2168 mente
746 2126 991 2180 reponendae
1026 2133 1132 2166 sunt.
1196 2124 1320 2165 Hanc
1365 2124 1573 2166 veritatem

265 2207 355 2263 jam
405 2203 502 2245 olim
550 2203 715 2258 agnovit
757 2203 931 2255 Seneca,
975 2217 1068 2242 narn
1116 2200 1281 2242 scribit:
1329 2202 1357 2218 “
1375 2200 1573 2257 quidquid

273 2282 299 2301 “
321 2284 513 2337 frequens
534 2278 726 2334 cogitatio
751 2287 916 2319 exercet
948 2294 996 2319 ac
1021 2286 1201 2328 renovat,
1234 2276 1441 2318 memoriae
1466 2292 1572 2318 nun-

276 2361 303 2376 “
332 2373 453 2413 quam
481 2356 737 2403 subducitur,
764 2371 853 2411 quae
879 2354 973 2396 nihil
1001 2354 1149 2410 perdit,
1180 2353 1254 2395 nisi
1278 2355 1328 2394 ad
1352 2355 1463 2408 quod
1492 2369 1573 2394 non

276 2436 302 2451 ‘C

330 2448 439 2488 saepe
463 2431 688 2487 respexerit
700 2432 768 2470 *st

616 2546 1241 2571 ffl00‘2m0„0„m„mmm0

340 2615 358 2635 ἐξ
390 2614 529 2651 Seneca
544 2615 589 2650 de
614 2615 742 2653 Benef.
769 2615 875 2653 L.iii.
898 2628 931 2654 c.
950 2615 1083 2654 2.-Si
1107 2613 1185 2663 quis
1213 2612 1326 2658 dicat,
1349 2610 1570 2648 memoriam

279 2677 390 2715 etiam
410 2676 517 2714 illata
537 2677 573 2713 vi
603 2678 844 2715 exercendam
876 2690 973 2715 esse:
1009 2691 1080 2715 non
1106 2687 1326 2724 magnopere
1346 2674 1569 2723 repugnabo,

1368 2737 1568 2774 dummodo
