1915 3293
923 398 979 446 is

931 614 996 659 ll.

370 730 502 771 Biblia
542 746 669 778 sacra,
718 739 838 784 prout
876 744 1018 769 omnes
1055 729 1245 773 fatentur,
1285 738 1376 767 sunt
1411 727 1586 782 primum

301 805 514 859 theologiae
540 804 816 859 principium;
860 813 954 844 sunt
978 804 1085 849 fons,
1108 818 1157 843 ex
1189 817 1272 858 quo
1296 801 1483 856 inprimis
1507 802 1588 844 sci-

302 880 409 922 entia
431 879 635 933 religionis
659 879 882 920 haurienda
915 887 998 928 est3
1041 887 1135 918 sunt
1169 879 1495 925 fundamentum,
1522 876 1589 917 cui

301 956 483 996 doctrina
519 955 722 1008 religionis
760 955 1078 1008 superstruenda
1109 963 1183 994 est.
1245 953 1303 994 Ut
1341 961 1478 993 autem
1513 953 1590 992 hoc

299 1032 435 1086 ipsum
461 1030 614 1071 ratione
652 1039 763 1070 certa
803 1039 844 1069 et
879 1028 1046 1068 minime
1075 1028 1200 1069 dubia
1234 1027 1321 1068 fieri
1349 1026 1492 1081 possit,
1516 1041 1589 1067 ne-

302 1122 415 1147 cesse
440 1115 517 1153 est,
544 1114 588 1146 ut
610 1105 703 1146 libri
725 1104 828 1145 sacri
866 1113 975 1145 recte
1000 1103 1291 1157 intelligantur,
1328 1103 1369 1144 id
1393 1118 1489 1144 vero
1513 1110 1591 1150 est,

300 1192 342 1222 ut
365 1180 555 1221 omnibus
577 1179 709 1220 verbis
735 1188 775 1219 et
796 1179 1012 1233 phrasibus
1036 1179 1103 1219 ille
1129 1194 1271 1218 sensus
1296 1181 1589 1225 substernatur,

299 1253 367 1308 qui
392 1252 490 1306 ipsis
523 1268 543 1292 a
571 1251 694 1292 sacris
730 1250 967 1291 authoribus
1004 1262 1044 1291 et
1081 1266 1222 1291 eorum
1248 1250 1393 1291 coaevis
1417 1250 1592 1291 tributus

300 1327 391 1375 suit,
418 1343 505 1371 seu,
538 1328 647 1380 quod
687 1326 795 1366 idem
833 1338 909 1371 est,
947 1335 990 1365 ut
1028 1325 1164 1365 omnia
1203 1327 1325 1365 verba
1354 1333 1395 1365 et
1425 1325 1592 1379 phrases

300 1402 511 1457 capiantur
535 1417 585 1442 eo
606 1417 743 1448 seusu,
767 1416 889 1456 quem
928 1416 1022 1441 usus
1047 1400 1242 1455 loquendi
1272 1400 1378 1441 illius
1403 1400 1594 1454 regionis,

301 1475 444 1529 populi
480 1484 520 1515 et
556 1474 698 1521 aetatis,
737 1473 937 1527 probavit.
1003 1473 1116 1513 Hinc
1158 1473 1294 1513 omnia
1335 1474 1508 1514 redeunt
1544 1475 1594 1514 ad

301 1562 546 1594 consuetum
584 1551 690 1592 illius
725 1549 869 1599 fetatis,
911 1548 1073 1603 populi,
1113 1557 1153 1588 et
1178 1548 1353 1601 regionis
1387 1564 1505 1588 usum
1530 1550 1593 1588 lo-

303 1626 467 1680 quendi,
494 1634 553 1674 ut,
591 1638 680 1678 quae
702 1637 798 1669 non,
824 1622 886 1661 vel
912 1620 1076 1672 directe,
1107 1621 1168 1660 vel
1203 1619 1414 1668 indirecte,
1441 1636 1491 1660 ex
1523 1620 1593 1661 illo

304 1717 377 1742 usu
399 1699 595 1756 loquendi
619 1700 891 1743 deducuntur,
923 1695 1153 1736 necessario
1177 1694 1365 1735 vacillent
1385 1704 1425 1735 et
1459 1706 1591 1738 ruant.

302 1777 414 1817 Usus
441 1791 534 1816 vero
568 1773 764 1828 loquendi
800 1771 980 1812 innititur
1012 1773 1122 1812 facto
1149 1770 1366 1822 historico3
1405 1772 1594 1828 quaeritur

301 1852 424 1898 enim,
449 1866 548 1906 quas
579 1848 766 1890 notiones
791 1847 973 1895 vocibus,
1011 1857 1050 1888 et
1085 1863 1208 1902 quem
1243 1863 1406 1889 sensum
1444 1850 1600 1902 phrasi-

302 1932 379 1969 bus
403 1929 626 1968 vernaculae
644 1941 724 1966 suae
745 1924 991 1979 subjecerint
1012 1923 1164 1978 antiqui
1183 1924 1239 1964 illi
1265 1924 1449 1976 Hebraei,
1467 1929 1594 1982 quod,

302 2003 406 2043 sicut
447 2002 524 2042 alia
558 2014 810 2055 quaecunque
849 2000 956 2038 sacta
989 1997 1191 2045 historica,
1227 1998 1398 2039 testibus
1435 1998 1594 2040 idoneis

301 2076 560 2129 probandum
587 2083 663 2113 est.
720 2072 891 2112 Factum
913 2080 1047 2111 autem
1073 2071 1167 2117 hoc,
1195 2072 1245 2110 de
1269 2086 1351 2125 quo
1375 2071 1593 2126 loquimur,

303 2169 383 2193 non
424 2160 636 2195 noverunt,
677 2159 798 2190 testes
841 2148 977 2203 itaque
1021 2163 1109 2188 esse
1148 2159 1374 2204 nequeunt,
1411 2149 1484 2190 nisi
1524 2151 1594 2205 qui

301 2230 376 2269 hac
418 2227 632 2267 vernacula
673 2224 732 2265 usi
778 2234 885 2274 sunt,
923 2224 1076 2278 antiqui
1113 2224 1167 2264 illi
1207 2225 1401 2276 Hebraei;
1454 2242 1591 2267 verum

303 2305 446 2344 horum
487 2301 563 2342 alia
605 2316 685 2341 non
725 2301 923 2340 habemus
967 2299 1214 2347 testimonia,
1259 2300 1334 2341 nisi
1371 2302 1443 2342 hos
1480 2301 1592 2357 ipsos

303 2387 462 2420 nostros
488 2392 624 2418 sacros
661 2376 800 2423 libros,
827 2375 895 2431 qui
921 2378 1041 2430 longe
1069 2375 1282 2431 pauciores
1314 2386 1354 2418 et
1389 2378 1592 2420 breviores

302 2465 409 2506 sunt,
433 2470 555 2511 quam
582 2463 624 2494 ut
646 2468 789 2493 onmes
816 2468 934 2492 voces
959 2462 999 2493 et
1024 2454 1190 2507 phrases
1225 2452 1263 2492 in
1289 2453 1358 2494 tali
1398 2454 1592 2496 orationis

304 2530 404 2571 serie
428 2530 626 2577 sisterent,
652 2543 740 2583 quae
765 2516 925 2569 nonnisi
942 2528 1105 2569 unicum
1129 2544 1292 2569 sensum
1318 2529 1592 2579 admitterent,

304 2616 341 2646 et
371 2606 440 2653 ita,
472 2605 567 2660 quid
595 2603 737 2652 subsit,
762 2603 1088 2655 manifestarent3
1135 2615 1344 2659 praeterea,
1374 2607 1422 2646 de
1455 2606 1591 2660 lingua

305 2683 483 2736 ipsorum
507 2682 650 2722 horum
671 2682 1013 2721 documentorum
1041 2681 1173 2722 omnis
1199 2682 1368 2735 quaestio
1393 2690 1588 2723 movetur.
