1915 3293
754 342 1068 375 PRAEFATio.
1537 339 1564 370 V

345 449 548 508 Expcnsis
574 451 692 506 igitur
714 451 816 503 istis,
843 468 932 508 quae
957 452 1131 493 maxime
1167 465 1236 492 eos
1263 458 1468 505 spectant,
1489 449 1572 504 qui,

277 537 346 570 aut
368 529 432 569 vix
457 527 677 583 quicquam
703 527 880 582 sapiunt,
904 537 972 568 aut
997 535 1164 569 caeteros
1200 541 1341 566 omnes
1374 524 1460 580 pari
1485 540 1574 565 cre-

275 603 376 643 dunt
397 602 580 643 laborare
605 601 776 653 inscitia,
801 618 933 658 pauca
957 601 1129 644 dicenda
1152 609 1304 642 restant
1334 602 1383 641 de
1417 599 1479 649 iis,
1506 599 1576 654 qui

276 686 388 718 extra
420 679 577 730 orbem,
619 679 701 719 suis
738 677 888 719 adfecti
918 676 1158 727 adinventis,
1201 692 1341 731 gyrare
1379 675 1577 725 videntur,

276 760 316 792 et
336 766 386 792 eo
406 754 517 808 quod
543 752 814 808 scriptumest
830 752 1093 806 sapientiores
1119 751 1258 793 haberi
1282 750 1435 792 volunt.
1497 749 1578 790 His

278 827 455 869 maxime
493 828 748 870 Doctoribus
778 843 934 883 nupera
959 828 1095 881 gavisa
1126 836 1187 868 est
1219 825 1458 876 Germania,
1495 824 1576 880 qui,⁴

279 903 455 958 majores
482 918 577 944 suos
610 904 694 944 fere
734 902 856 944 flocci
882 902 1089 955 facientes,
1114 902 1430 957 ratiunculisque
1466 901 1581 956 ipso-

281 987 458 1019 rummet
482 993 625 1032 parum
662 978 752 1019 fidis
788 978 931 1031 innixi,
964 978 1240 1033 Religionem,
1267 994 1354 1034 quae
1380 977 1582 1019 neminem

281 1052 482 1107 religaret,
511 1062 581 1094 aut
616 1069 689 1109 spe
721 1056 829 1095 bona
865 1053 1079 1108 mulgeret,
1114 1056 1211 1094 dum
1243 1053 1448 1095 inculcare
1478 1061 1584 1095 sate-

280 1137 441 1183 gerunt,
468 1129 645 1182 sibimet,
670 1128 849 1185 suisque,
876 1129 1069 1171 doctriuae
1094 1128 1133 1170 id
1166 1129 1447 1184 propinarunt,
1473 1128 1584 1184 quod

282 1204 346 1246 vix
374 1205 509 1260 pueris
538 1207 716 1246 dandum
753 1221 873 1246 sanus
899 1203 1071 1261 quisque
1108 1204 1334 1246 crediderit.
1394 1204 1498 1245 Sunt
1524 1202 1586 1244 sui

282 1280 404 1334 igitur
446 1279 629 1330 inscitiae,
676 1280 737 1321 sui
778 1295 944 1335 quoque
980 1278 1157 1319 scientiae
1193 1278 1381 1333 scopuli:
1440 1287 1480 1318 et
1519 1276 1589 1332 qni

286 1355 467 1409 Scyllam
491 1356 610 1407 hanc,
649 1364 718 1397 aut
742 1353 977 1407 Charybdin
1011 1352 1120 1394 illam
1152 1353 1274 1395 vitare
1305 1353 1440 1404 velint,
1482 1352 1588 1394 edis-

288 1439 396 1482 cant,
420 1430 571 1487 diuque
594 1431 729 1473 edocti
759 1446 900 1472 secum
926 1437 1143 1485 reputent3
1181 1437 1264 1470 tam
1288 1429 1441 1480 labore,
1465 1443 1588 1484 quam

288 1506 533 1548 verecundia
566 1522 670 1561 opus
696 1522 796 1557 esse,
836 1514 879 1547 ut
904 1521 965 1558 ea,
1004 1520 1092 1561 quae
1123 1504 1207 1546 sine
1232 1504 1371 1546 labore
1399 1504 1591 1545 discenda

293 1597 373 1622 non
398 1592 506 1632 sunt,
547 1582 756 1633 ediscant3
801 1579 1019 1636 edoctique
1055 1596 1127 1622 sua
1160 1581 1270 1634 inde,
1293 1596 1393 1623 verae
1423 1580 1518 1622 fidei
1541 1596 1588 1622 ac

294 1656 437 1711 pietati
461 1655 601 1706 innixi,
628 1666 880 1711 reportarent
902 1656 1070 1710 praemia
1090 1657 1234 1698 laudis.

359 1732 418 1773 At
442 1747 524 1772 non
554 1740 615 1773 est
643 1733 763 1788 hujus
799 1730 881 1773 loci
906 1731 946 1772 in
969 1730 1031 1772 his
1056 1731 1204 1773 diutius
1227 1732 1394 1783 haerere,
1419 1732 1593 1774 sufficiat

293 1807 519 1850 Tironibus
559 1808 858 1860 submonuisse,
908 1824 1030 1864 quam
1078 1818 1184 1849 esset
1229 1807 1505 1863 periculosum
1550 1825 1593 1850 se

293 1883 520 1925 istiusmodi
548 1884 808 1939 opinionibus
834 1883 1106 1942 praejudicatis
1131 1884 1413 1926 immiscuisse.
1484 1886 1539 1926 Et
1555 1874 1595 1926 ¹si

296 1961 401 2000 forte
435 1968 617 2001 nostrum
641 1959 714 2000 erit
752 1959 920 2001 meliora
955 1959 1002 2000 iis
1040 1959 1319 2015 proposuisse,
1357 1968 1426 2001 aut
1461 1962 1598 2007 facem

300 2035 496 2076 duntaxat
539 2050 675 2076 coram
721 2036 962 2090 praetulisse,
999 2051 1080 2090 qua
1115 2035 1176 2076 via
1216 2044 1284 2076 aut
1324 2034 1482 2090 planior
1528 2045 1597 2076 aut

296 2110 416 2152 latior
453 2112 502 2151 ad
539 2110 746 2152 veritatem
789 2127 943 2152 sacram
988 2112 1282 2166 assequendam
1324 2111 1444 2152 fuerit
1485 2113 1606 2164 facta,

298 2185 339 2227 id
382 2186 499 2228 nobis
540 2203 703 2242 semper
739 2186 1030 2242 gratissimum,
1071 2185 1376 2242 maximumque
1418 2189 1598 2229 futurum

302 2277 391 2303 esse
425 2262 631 2313 solatium,
670 2264 780 2317 quod
817 2261 951 2304 D.O.
971 2262 1037 2303 M.
1068 2277 1143 2303 nos
1177 2262 1413 2318 hujusmodi
1447 2279 1598 2319 prope-

300 2339 468 2379 modum
494 2338 699 2393 iusperato
723 2337 932 2379 donaverit
952 2338 1122 2379 honore.

372 2413 423 2454 In
447 2413 644 2465 dialectis,
670 2429 785 2469 aeque
811 2429 857 2454 ac
884 2412 923 2454 in
957 2412 1056 2468 ipsis
1085 2411 1319 2463 Hebraicis,
1343 2429 1424 2453 non
1448 2413 1599 2465 omnia,

306 2502 396 2542 quae
433 2486 517 2528 dari
547 2496 750 2542 poterant,
779 2486 979 2534 dedimus,
1019 2488 1157 2527 labore
1188 2488 1319 2528 hocce
1352 2488 1601 2543 compilandi

309 2561 518 2603 fastidioso
566 2564 893 2618 supersedentes.
956 2561 990 2602 Ii
1033 2561 1150 2616 igitur
1184 2561 1253 2617 qui
1290 2561 1406 2616 plura
1441 2563 1602 2605 deside-

309 2647 409 2690 rent,
429 2638 778 2681 Bibliothecarum
804 2637 1101 2692 praecipuarum
1126 2636 1363 2692 Catalogos,
1390 2648 1458 2681 aut
1481 2640 1599 2681 etiam
