1915 3293
895 352 953 396 73

366 480 526 518 sessore.
582 476 711 516 Edidit
741 475 947 516 Waltouus
975 477 1010 516 in
1036 487 1229 532 apparatu
1260 476 1430 517 Biblico.
1472 478 1554 517 Pol.

364 554 492 594 Lond.

298 653 364 693 De
388 650 581 691 mensuris
607 661 645 691 et
671 652 769 692 vasis
795 661 997 692 tractatus.
1057 652 1167 693 [bid.

260 748 394 790 *Vide
419 748 536 790 etiam
562 748 756 790 Calmet’s
784 749 1024 802 Dictionary
1044 752 1092 790 of
1115 750 1181 790 the
1208 748 1341 798 Bible,
1378 751 1455 789 and
1491 751 1556 791 the

353 825 571 880 Appendix
610 834 650 866 to
685 826 749 866 the
781 824 946 866 Critical
979 823 1256 865 Introduction
1281 825 1329 864 of
1360 822 1556 866 Hartwell

357 899 512 942 Horne.
555 905 691 956 (supra
716 899 913 946 laudata.)

783 1323 945 1375 SEcT.
980 1322 1048 1373 X.

479 1477 1404 1517 InzpflYsumxEH'MATHESISACRA.

244 1628 344 1670 ΗΟ.
370 1627 522 1669 Bernh.
549 1626 800 1681 Wideburgii
825 1625 1026 1667 Mathesis
1053 1626 1227 1668 Biblica.
1267 1627 1396 1677 Jenae,
1428 1633 1545 1674 1730.

277 1727 514 1769 Natur-und
561 1724 860 1766 Grossenlehre
916 1724 955 1764 in
1015 1724 1118 1766 ihrer
1167 1725 1433 1780 Anwendung
1480 1742 1548 1768 zur

339 1802 677 1856 Rechtfertigung
711 1803 780 1842 der
813 1800 891 1841 heil
934 1800 1099 1853 schrift,
1136 1816 1226 1842 von.
1265 1800 1362 1842 Joh.
1409 1801 1544 1843 Ernst.

337 1879 461 1930 Basss,
478 1878 717 1932 Wideburg,
732 1876 982 1933 Niirenberg,
1005 1882 1124 1923 1733.
1149 1880 1268 1933 (opus
1292 1877 1561 1934 inchoatum,-

337 1958 405 1998 sed
428 1971 509 1996 non
534 1953 796 2000 absolutum.)

222 2062 255 2094 «⁸⁴
271 2056 443 2099 Thomae
469 2054 693 2097 Bartholini
717 2053 974 2095 miscellanea
1000 2053 1157 2096 medica
1180 2056 1230 2095 de
1251 2053 1400 2095 morbis
1422 2054 1544 2095 bibli-

337 2132 393 2175 cis
399 2161 1182 2174 .................
1220 2130 1388 2188 Fraan.
1419 2136 1539 2176 1705.

269 2229 428 2271 Valent.
455 2229 549 2270 Ern.
576 2226 743 2282 Vogleri
768 2225 1094 2268 Commentarius
1119 2228 1169 2267 de
1194 2227 1313 2267 rebus
1350 2226 1540 2268 naturali-

334 2309 410 2347 bus
435 2321 481 2347 ac
503 2303 686 2355 medicis,
713 2318 883 2358 quorum
907 2301 947 2342 in
972 2302 1015 2343 S.
1042 2301 1085 2343 S.
1109 2301 1155 2343 fit
1178 2301 1342 2343 mentio.
1364 2299 1538 2342 Helmsc.

1411 2377 1534 2418 1680.

269 2479 438 2535 Georgii
483 2479 713 2534 Wolfgang.
760 2477 932 2519 Wedelii
980 2475 1295 2518 Exercitationes
1352 2473 1534 2515 medico-

332 2556 601 2614 philologicae.
656 2591 663 2597 .
703 2591 710 2597 .
750 2591 758 2597 .
799 2591 807 2598 .
847 2590 855 2597 .
896 2587 904 2595 .
939 2555 1067 2607 Jenae,
1100 2554 1218 2597 1686.
1245 2562 1285 2595 et
1313 2557 1432 2606 1704,
1455 2555 1532 2594 &c.

268 2665 445 2707 Richard
471 2665 598 2707 Mead
623 2664 791 2708 Medica
817 2666 939 2707 Sacra
945 2691 1371 2709 ..........
1411 2666 1530 2708 1749.

885 2753 909 2793 lc
