1915 3293
323 352 365 397 vi
807 373 1121 407 PRAEFA'rm.

320 480 467 524 Libros
492 483 606 537 alios,
632 486 702 541 qui
732 487 835 528 hanc
866 504 950 529 rem
975 506 1024 531 ex
1056 494 1243 546 professo
1276 493 1513 546 tractarunt,
1538 498 1607 537 ad-

316 566 433 598 eant:
455 559 595 613 quales
619 569 731 602 sunt:
770 561 996 619 Catalo‘gus
1016 564 1210 608 Codicum
1228 566 1608 625 Manuscriptorum

315 631 678 686 Escurialensium,
720 653 840 692 quem
882 640 1091 680 contexuit
1134 642 1318 684 Michael
1361 643 1516 686 Casiri:
1541 668 1608 676 ——

314 706 540 766 Catalogus
561 710 689 753 Codd.
712 714 852 755 MSS.
874 713 1137 759 Bibliothecae
1159 718 1408 770 Bodleianae,
1430 722 1607 766 Auctore

310 784 353 826 J.
371 786 457 835 Uri,
494 788 664 843 ejusque
700 790 1049 845 supplementum,
1088 795 1198 848 quod
1225 794 1352 837 indies
1384 798 1499 840 avide
1533 816 1606 840 ex-

310 869 523 914 pectamus
555 878 577 903 a
600 862 637 903 I.
661 863 713 904 A.
739 864 892 907 Nichol
930 867 1023 908 Bib.
1063 869 1297 911 Bodleianae
1332 875 1605 927 subpraefecto

309 935 559 985 doctissimo,
584 939 785 993 nobisque
812 956 975 996 semper
999 942 1260 996 amicissimo,
1281 946 1604 990 conficiendum:

305 1011 604 1069 ——Catalogus
626 1013 766 1056 MSS.
803 1015 1005 1059 Bibliotla.
1042 1018 1149 1076 Reg.
1178 1020 1321 1062 Paris.
1363 1021 1472 1063 Tom.
1498 1024 1603 1063 l.—

308 1088 535 1146 Catalogus
569 1089 698 1132 Codd.
728 1091 869 1135 MSS.
902 1094 1066 1152 Angliae
1101 1104 1139 1137 et
1173 1097 1602 1142 Hiberiam—Cata·

306 1165 419 1221 logus
445 1164 648 1207 Biblioth.
679 1166 900 1224 Leydensis
919 1172 988 1219 &a
1047 1171 1117 1212 De
1141 1172 1277 1214 Libris
1301 1174 1489 1216 Arabicis
1525 1177 1602 1217 im-

303 1239 468 1293 pressis,
489 1241 654 1282 adeatur
680 1242 939 1285 Bibliotheca
956 1244 1141 1287 Arabica
1169 1245 1400 1290 Clarissimi
1425 1249 1602 1291 Schnnr-

302 1316 395 1363 reri,
420 1315 517 1355 olim
553 1318 663 1370 apud
697 1317 951 1373 Tubigenses
984 1320 1233 1362 Professoris
1265 1323 1530 1366 celeberrimi.

370 1393 420 1433 In
447 1392 621 1446 Syriacis
645 1397 926 1449 expendantur
950 1396 1128 1438 Codices
1155 1398 1308 1451 Syriaci
1334 1399 1374 1440 in
1399 1400 1599 1456 Catalogo

300 1467 343 1509 J.
360 1468 436 1509 Uri
469 1484 591 1523 supra
614 1468 753 1511 dicto:
799 1470 896 1512 item
930 1470 1072 1514 Catal.
1091 1472 1297 1515 Biblioth.
1323 1475 1430 1532 Reg.
1456 1478 1599 1520 Paris.

297 1558 459 1594 necnon
484 1542 689 1585 Codicum
715 1544 878 1586 Indices
902 1546 942 1586 in
971 1546 1229 1589 Bibliotheca
1269 1547 1476 1591 Orientali
1504 1552 1598 1593 Cle-

296 1622 494 1662 mentino-
506 1620 719 1672 Vaticana,
767 1622 953 1664 Auctore
995 1624 1164 1665 doctiss.
1201 1624 1363 1680 ,Ioseph
1413 1627 1597 1670 Simonio

297 1697 540 1738 Assemano.

364 1775 412 1815 In
445 1775 700 1823 Rabbinicis,
734 1777 899 1817 adeatur
923 1775 1184 1817 Bibliotheca
1209 1776 1418 1818 Hebraica
1447 1778 1537 1820 Wol
1567 1782 1593 1832 i,

295 1866 389 1892 cum
416 1849 533 1891 Nova
560 1850 818 1892 Bibliotheca
837 1851 1061 1893 Hebraica.
1088 1852 1149 1892 H.
1170 1851 1220 1892 F.
1247 1852 1460 1894 Koa-heri.-
1495 1855 1592 1896 item

297 1925 555 1967 Bibliotheca
573 1941 721 1982 magna
746 1926 992 1975 Rabhinicffi
1014 1927 1192 1968 Auctore
1214 1925 1274 1967 D.
1292 1926 1411 1968 Julio
1435 1927 1593 1971 Barto-

291 2001 437 2043 loccio:
476 2008 516 2041 et
541 2000 745 2041 Bibliotlz.
774 2000 914 2042 Rabb.
941 2000 1169 2055 Baxtorfii.

360 2078 430 2119 De
471 2076 646 2118 Persicis
678 2077 797 2117 simul
834 2086 875 2118 et
904 2076 1106 2127 Arabicis,
1143 2093 1312 2132 quarum
1346 2079 1455 2132 prior
1496 2095 1588 2120 cum

290 2153 474 2196 dialectis
500 2146 730 2193 Shemiticis
762 2151 826 2192 vix
851 2151 1070 2208 quicquam
1096 2167 1315 2193 commune
1353 2154 1489 2201 habet,
1514 2154 1590 2195 nisi

291 2232 403 2287 quod
435 2228 612 2271 Arabica
639 2228 851 2283 complura
889 2227 1059 2270 Persica
1096 2229 1341 2284 jamdudum
1382 2229 1588 2270 donaverit

291 2305 464 2354 civitate,
499 2305 692 2345 adeantur
728 2302 1017 2360 Bibliotheque
1055 2302 1267 2345 Orientale
1310 2302 1586 2355 D’Herbelot,

289 2400 394 2438 opus
421 2399 514 2424 sane
538 2381 779 2433 immortale,
814 2382 1122 2438 omnigenaeque
1157 2380 1391 2422 eruditionis
1417 2381 1594 2423 refertis-

289 2459 452 2508 simum,
475 2466 530 2506 et,
561 2456 599 2498 T
596 2456 643 2497 lze
671 2454 899 2514 Catalogae
922 2458 974 2516 of
994 2457 1032 2499 T
1030 2458 1144 2513 ippoo
1170 2453 1360 2497 Sultan’s
1385 2456 1584 2514 Library,

290 2533 344 2589 by
370 2532 515 2588 Major
540 2531 732 2572 Stewart.

356 2608 562 2650 Caeterum
586 2609 636 2648 de
659 2606 768 2647 libris
793 2606 1069 2649 Orientalibus
1092 2606 1334 2662 omnigenis,
1367 2615 1452 2648 tum
1483 2606 1582 2647 Ma-

286 2682 504 2739 uuscriptis
538 2692 621 2725 tum
656 2682 875 2737 impressis,
918 2701 1066 2739 magno
1100 2699 1193 2726 cum
1232 2684 1362 2726 fructu
1400 2683 1580 2737 legentur
