1915 3293
919 365 979 412 83

285 493 302 512 *
318 484 636 529 Chrestomathie
656 484 806 537 Arabe,
828 501 881 528 ou
906 485 1078 527 Extraits
1107 486 1155 526 dc
1188 482 1333 525 Divers
1370 482 1569 524 Ecrivains

378 564 546 606 Arabes.
600 562 694 604 Par.
720 562 772 604 A.
795 562 829 604 I.
851 562 1036 605 Silvestre
1061 564 1109 603 de
1134 562 1251 615 Sacy.
1286 560 1425 608 Paris,
1451 560 1568 600 1806.

317 658 537 700 Arabische
564 658 885 700 Chrestomathie
920 658 963 700 J.
988 658 1107 700 Jahn.
1151 689 1161 699 .
1200 690 1208 699 .
1252 656 1421 706 Vietnzcr’,
1450 661 1565 698 1802.

286 751 303 771 ³*
319 745 527 787 Refutatio
551 745 741 787 Alcorani
759 748 926 794 (textum
947 744 1078 800 ipsum
1104 744 1322 786 Arabicum
1346 761 1438 786 cum
1464 753 1569 785 tran-

379 821 546 863 slatione
571 821 716 863 Latina
748 831 788 863 et
815 821 918 863 notis
950 821 1190 863 doctissimis
1226 822 1380 870 sistens)
1409 823 1573 863 authore

379 895 589 937 Ludovico
614 895 824 938 Maraccio
848 895 1040 938 Lucensi.
1095 927 1105 936 .
1145 926 1155 937 .
1193 927 1203 937 .
1240 896 1422 946 Patavii,
1452 897 1570 944 1698.

318 981 531 1023 Abulfedae
574 981 752 1024 Annales
797 981 1044 1031 Muslemici,
1090 997 1213 1038 opera
1254 992 1294 1025 et
1331 984 1470 1026 studiis
1503 983 1574 1026 J0.

382 1055 531 1098 Jacobi
578 1057 742 1108 Reiske,
791 1057 912 1099 edidit
968 1057 1002 1099 Ι.
1038 1057 1094 1100 G.
1144 1057 1390 1101 Christianus
1435 1060 1574 1111 Adler,

1072 1134 1254 1193 Hafm'oe,
1284 1141 1578 1184 1789—1794.

318 1221 599 1278 Abdollatiphi
624 1221 814 1264 Historiae
842 1221 1010 1277 AEgypti
1036 1221 1320 1277 compendium
1345 1220 1519 1265 Arabice
1540 1233 1580 1265 et

383 1298 527 1340 Latine
557 1299 621 1340 ed.
646 1297 688 1340 J.
712 1298 860 1340 White.
911 1327 1216 1339 .......
1270 1296 1430 1352 Oxoniz',
1462 1305 1579 1342 1800.

321 1384 594 1439 Abd-Allatif‚
622 1384 810 1428 Relation
837 1386 886 1427 de
911 1384 1095 1440 l'Egypt,
1121 1383 1243 1427 suivie
1268 1388 1317 1428 de
1348 1386 1478 1429 divers
1499 1387 1582 1429 Ex-

387 1460 495 1503 traits
517 1460 768 1503 d'Ecrivains
793 1460 1034 1510 OrientauX,
1063 1476 1134 1516 par
1157 1463 1207 1503 de
1233 1460 1351 1516 Sacy.
1392 1493 1402 1504 .
1440 1463 1581 1515 Paris,

1464 1544 1583 1581 1810.

328 1623 410 1667 Abi
444 1622 582 1667 Jaafer
605 1625 654 1665 de
680 1622 761 1665 Hai
793 1623 882 1666 Ebn
922 1624 1137 1677 Yokdhan‚
1171 1623 1356 1681 Epistola
1385 1626 1510 1669 Arab.
1546 1636 1586 1669 et

389 1699 482 1742 Lat.
507 1699 703 1741 Pocockii
711 1729 1231 1742 ............
1282 1698 1442 1752 Oxonii,
1471 1703 1588 1748 1671.

331 1785 545 1828 Abulfedae
579 1785 743 1828 Tabula
777 1785 912 1840 Syriae,
938 1801 1030 1828 cum
1063 1785 1269 1842 Excerpto
1300 1788 1589 1846 Geographico

392 1877 441 1903 ex
465 1861 540 1902 Ibn
563 1861 618 1903 Al
638 1861 790 1914 Wardi‚
820 1861 942 1904 edidit
966 1861 1111 1904 Latin&
1135 1863 1249 1904 vertit
1271 1872 1312 1904 et
1344 1864 1448 1906 notis
1480 1865 1591 1925 illus?

394 1938 508 1980 travit
530 1937 599 1981 Jo.
623 1939 879 1981 Bernhardus
905 1939 1097 1981 Koehler.
1168 1970 1179 1980 .
1217 1970 1227 1981 .
1267 1971 1276 1981 .
1331 1939 1444 1997 Lips.
1472 1944 1591 1988 1766.

334 2027 596 2084 Geographia
622 2027 843 2070 Nubiensis
868 2027 986 2070 Idrisi
992 2058 1250 2070 ......
1288 2028 1441 2083 Romae,
1471 2037 1590 2079 1592.

335 2117 385 2158 B.
417 2118 464 2159 F.
490 2116 702 2171 Tydeman
736 2125 980 2173 conspectus
1017 2116 1149 2173 operis
1188 2116 1267 2157 Ibn
1303 2116 1510 2161 Chalicani
1545 2122 1593 2162 de

398 2192 484 2235 vitis
508 2192 719 2236 illustrium
744 2193 932 2237 virorum.
982 2224 992 2234 .
1030 2226 1038 2235 .
1079 2226 1087 2234 .
1128 2226 1136 2234 .
1193 2191 1328 2250 Lugd.
1355 2192 1593 2243 Bat.1809.

344 2280 537 2324 Ahmedis
566 2282 797 2326 Arabsiadae
832 2281 926 2323 Vita
953 2289 993 2323 et
1018 2281 1101 2324 Res
1124 2293 1245 2338 gestae
1269 2283 1436 2332 Timuri,
1460 2283 1593 2336 edidit,

407 2359 449 2400 S.
468 2359 526 2402 H.
551 2360 740 2416 Manger.
799 2391 1285 2403 ...........
1324 2360 1447 2402 Leov.
1476 2360 1595 2407 1767.

346 2443 568 2487 Consessus
594 2446 726 2488 Hariri
760 2461 827 2487 sex
858 2444 1028 2500 priores,
1060 2445 1192 2496 edidit,
1219 2446 1363 2489 Latine
1397 2445 1523 2495 vertit,
1561 2455 1600 2488 et

410 2520 512 2563 notis
537 2521 741 2567 illustravit
769 2522 959 2568 Albertus
982 2523 1210 2566 Schultens.
1274 2555 1283 2565 .
1323 2523 1599 2581 aneqmm,

1482 2604 1599 2647 1731.
