1915 3293
889 335 951 380 43

272 455 376 506 thor,
404 457 508 497 unde
528 470 601 508 per
633 470 676 494 se
702 454 964 508 intelligetur,
996 458 1136 510 quales
1162 456 1406 496 mutationes
1431 457 1555 510 figura

269 531 450 572 subierit.
523 530 604 572 His
648 531 827 585 quinque
869 540 937 572 aut
975 547 1043 572 sex
1088 531 1406 582 characteribus,
1454 548 1554 586 quos

268 622 390 661 supra
443 608 519 647 sub
566 607 741 661 imagine
787 607 959 648 militum
1007 606 1347 655 adumbravimus,
1390 609 1554 649 denium

258 683 484 736 jungantur
518 693 692 737 quatuor
725 693 793 723 aut
824 683 1003 737 quinque
1044 681 1192 737 spolia,
1235 683 1349 737 signa
1390 683 1554 738 inquam

265 771 458 797 sonorum
485 758 736 799 auxiliarium
761 773 833 797 seu
850 757 1067 808 vocalium,
1091 773 1137 799 ac
1165 758 1285 799 simul
1310 770 1553 813 exponatur,

262 846 342 885 qua
376 832 532 873 ratione
568 831 755 874 cumillis
789 831 926 880 literis,
964 847 1053 886 quae
1087 843 1340 886 pertractatae
1375 835 1552 885 fuerunt,

259 904 460 959 legantur.
522 906 633 947 Dein
663 905 811 947 tabulae
844 906 1114 948 inscribantur
1153 908 1355 962 quaepiani
1399 908 1554 963 integra

258 982 394 1029 verba,
430 997 520 1035 quae
557 981 810 1035 pertractatis
843 980 992 1022 Literis
1025 991 1066 1022 et
1091 981 1313 1024 Vocalibus
1347 994 1551 1035 constant,

257 1064 297 1095 et
320 1054 495 1109 primurn
520 1056 689 1110 quidem
726 1056 1023 1110 monosyllaba,
1061 1057 1155 1097 dein
1179 1058 1408 1110 dissyllaba,
1441 1075 1487 1099 ac
1511 1059 1552 1099 in

254 1129 316 1170 his
339 1145 505 1184 quoque
536 1131 638 1173 ratio
671 1131 834 1184 legendi
871 1133 1122 1172 ostendatur.
1183 1132 1377 1187 Denique
1415 1132 1550 1188 aliqua

255 1203 524 1259 subjiciantur
565 1207 615 1246 de
654 1205 906 1247 Nominibus
962 1217 1001 1247 et
1050 1206 1197 1248 Verbis
1244 1207 1546 1262 praeliminaria,

254 1295 343 1335 quae
379 1283 535 1335 absque
573 1282 716 1321 notitia
750 1281 956 1322 literarum
992 1282 1162 1336 intelligi
1199 1293 1384 1336 possunt.
1440 1283 1547 1324 Haec

251 1353 408 1408 privata·
431 1356 675 1410 repetitione
700 1365 740 1396 et
765 1355 1004 1409 scriptione,
1028 1358 1078 1397 de
1103 1373 1183 1411 qua
1204 1373 1326 1412 supra
1350 1358 1544 1408 diximus,

250 1429 458 1471 memoriae
492 1432 726 1471 mandanda
751 1439 845 1470 sunt
872 1446 1000 1485 usque
1025 1433 1075 1471 ad
1111 1447 1286 1486 sequens
1311 1432 1546 1487 collegium,

253 1503 292 1544 iu
317 1519 399 1557 quo
432 1506 575 1545 eadem
599 1504 753 1546 ratione
797 1506 848 1544 ad
872 1505 1061 1545 ulteriora
1087 1507 1432 1560 progrediendum
1470 1517 1545 1560 est,

251 1590 291 1620 et
327 1579 382 1620 ita
417 1579 457 1620 in
500 1579 780 1634 sequentibus,
821 1588 865 1619 ut
905 1579 946 1619 in
987 1580 1171 1634 quolibet
1215 1581 1390 1636 collegio
1430 1584 1548 1637 plura

249 1655 395 1695 diversi
431 1655 602 1709 generis,
646 1655 703 1695 uti
746 1655 951 1709 quaepiam
991 1657 1042 1695 de
1076 1656 1391 1710 characteribus,
1432 1674 1546 1713 quae-

251 1730 364 1785 piam
392 1732 443 1771 de
481 1730 707 1771 Vocalibus
747 1740 788 1771 et
827 1730 951 1784 signis
985 1730 1219 1781 diacriticis,
1254 1733 1458 1788 quaepiam
1494 1737 1545 1776 de

249 1805 586 1856 Pronominibus,
626 1805 829 1860 quaepiam
855 1807 905 1847 de
947 1806 1216 1858 Nominibus,
1250 1808 1455 1863 quaepiam
1493 1811 1544 1850 de

248 1881 408 1933 Verbis,
431 1890 471 1923 et
509 1883 675 1922 demum
710 1881 831 1921 etiam
866 1881 1070 1936 quaepiam
1105 1884 1155 1923 de
1190 1882 1409 1924 Particulis
1440 1885 1543 1939 jun:

247 1966 405 2011 gantur.
464 1955 784 2010 Quamprimum
820 1964 956 1996 autem
988 1965 1048 1997 tot
1078 1956 1203 1997 literae
1235 1966 1276 1997 et
1311 1956 1428 2011 signa
1452 1957 1539 1998 Vo-

249 2032 398 2073 calium
434 2031 596 2085 cognita
632 2040 740 2081 sunt,
781 2040 824 2071 ut
859 2047 986 2071 unum
1028 2031 1249 2073 alterumve
1301 2032 1539 2074 Pronomen

247 2103 461 2159 personale
487 2103 566 2158 legi
603 2103 747 2157 possit,
784 2119 880 2144 mox
918 2103 958 2143 id
993 2102 1129 2157 ipsum
1154 2103 1195 2143 in
1229 2103 1466 2159 exemplum
1499 2115 1540 2146 et

246 2178 484 2221 exercitium
520 2178 726 2228 lectionis,
772 2176 920 2219 tabulae
965 2177 1286 2228 inscribendum,
1332 2187 1373 2219 et
1418 2178 1537 2220 simul

247 2254 366 2296 flexio
401 2254 634 2295 Verborum
669 2254 854 2308 ejusdem
882 2252 1089 2301 Personae,
1117 2268 1206 2308 quae
1239 2253 1290 2293 ab
1324 2251 1393 2294 illo
1428 2254 1536 2295 Pro-

247 2328 410 2371 nomine
447 2330 634 2370 desumta
682 2338 755 2378 est,
787 2329 1059 2383 adjungenda,
1103 2343 1193 2384 quae
1233 2329 1398 2369 demum
1440 2344 1534 2371 cum

245 2404 422 2459 reliquis,
465 2421 555 2460 quae
592 2403 803 2459 proposita
843 2406 1019 2452 fuerunt,
1058 2404 1247 2459 privatim
1285 2412 1378 2446 sunt
1416 2419 1535 2459 repe-

247 2480 368 2522 tenda
392 2488 432 2520 et
455 2479 682 2528 scribenda,
709 2488 753 2521 ut
775 2479 980 2521 memoriae
1006 2479 1239 2534 infigantur.

311 2556 525 2599 Absolutis
550 2558 739 2600 omnibus
775 2557 899 2599 literis
933 2566 974 2598 et
1006 2556 1127 2612 signis
1150 2556 1385 2607 Vocalium,
1421 2560 1533 2613 quod

246 2644 418 2691 quatuor
443 2645 510 2677 aut
542 2635 722 2692 quinque
756 2634 1023 2691 collegiorum
1053 2634 1162 2678 horis
1200 2634 1417 2677 commode
1443 2635 1529 2677 fieri
