1915 3293
876 347 928 393 bl

275 472 473 527 perutilia,
496 479 536 510 et
558 469 718 510 docenti
758 471 946 523 pandunt,
984 476 1174 524 quantum
1209 467 1408 508 discentes
1442 483 1533 521 pio-

272 549 452 597 fecerint,
478 548 584 587 unde
608 548 770 588 demum
797 546 980 602 patescit,
1005 561 1092 602 quae
1115 547 1203 601 jam
1241 544 1334 586 satis
1359 543 1530 598 cognita,

270 626 452 678 adeoque
473 622 514 663 in
537 622 875 679 subsequentibus
911 621 1104 676 collegiis,
1139 630 1207 662 aut
1241 636 1404 676 prorsus
1436 636 1531 668 non,

268 707 336 738 aut
358 697 496 740 leviter
530 700 724 740 duntaxat
747 697 974 752 attingenda
997 697 1088 745 sint,
1113 706 1153 738 et
1181 712 1268 752 quae
1293 712 1315 737 e
1339 695 1533 737 contrario

266 773 497 829 diligentius
523 775 760 816 inculcanda
796 782 958 815 restent.
1030 773 1122 814 Hac
1156 772 1308 814 ratione
1337 772 1536 813 discentes

268 850 464 904 paulatini
488 851 744 892 difficultates
767 864 930 905 quoque
964 848 1299 904 grammaticales,
1324 849 1425 889 forte
1461 850 1537 888 ob-

268 926 363 976 vias,
411 930 692 976 observabunt,
729 943 828 982 quas
863 927 925 968 vel
966 943 1013 968 ex
1058 926 1349 975 Grammatica,
1391 928 1453 967 vel
1488 941 1533 966 ex

266 1002 413 1051 lexico,
438 1006 502 1045 vel
525 1020 572 1045 ex
597 1019 666 1044 ore
689 1003 870 1044 docentis
897 1003 1110 1058 requirent,
1143 1013 1263 1058 atque
1286 1004 1359 1044 hac
1385 1002 1536 1044 ratione

266 1095 379 1120 suam
405 1079 675 1134 cognitionem
701 1079 988 1121 Grammaticae
1018 1079 1342 1133 amplificabunt.
1403 1078 1538 1124 Quid-

267 1153 365 1210 quid
419 1164 567 1207 autem,
613 1164 653 1197 et
693 1171 716 1196 a
758 1170 1004 1211 quocunque
1044 1153 1284 1209 explicetur,
1325 1153 1454 1194 versio
1497 1153 1536 1194 in

266 1230 444 1286 linguam
490 1231 758 1280 vernaculam,
821 1231 1005 1286 privatim
1050 1245 1254 1285 nunquam
1301 1229 1535 1278 omittenda,

266 1323 397 1363 neque
420 1308 668 1363 negligenter
689 1309 896 1349 tractanda
930 1316 1004 1354 est,
1038 1309 1108 1348 sed
1144 1322 1300 1347 summa
1335 1306 1539 1361 diligentia

268 1385 560 1428 conscribenda
581 1396 622 1427 et
645 1385 917 1441 perficienda3
962 1393 1082 1441 atque
1119 1394 1163 1424 ut
1198 1399 1247 1425 eo
1282 1384 1424 1441 majori
1447 1400 1540 1426 cum

260 1478 355 1504 cura
392 1462 477 1513 fiat,
514 1462 664 1517 poterit
689 1462 888 1504 interdum
924 1478 1002 1503 una
1040 1461 1211 1503 alterave
1245 1461 1434 1503 auditoris
1467 1463 1539 1504 ali-

268 1539 383 1594 cujus
406 1537 535 1579 versio
558 1537 599 1578 in
624 1537 798 1592 collegio
823 1537 1002 1592 praelegi,
1028 1546 1068 1578 et
1092 1554 1114 1578 a
1135 1539 1320 1589 docente,
1345 1538 1414 1579 ubi
1435 1554 1539 1593 opus

269 1623 345 1662 est,
392 1614 608 1656 emendari.
680 1615 776 1656 Hoc
823 1614 1036 1669 diligentiae
1077 1631 1221 1669 genus,
1266 1615 1298 1656 si
1345 1615 1540 1671 deinceps

267 1689 535 1742 continuetur,
568 1690 813 1746 experientia
849 1693 1031 1743 edoctus,
1075 1693 1201 1733 ausim
1237 1692 1383 1745 dicere,
1420 1696 1540 1748 longe

268 1766 361 1822 plus
384 1767 638 1816 collaturum,
662 1783 784 1824 quam
807 1767 938 1809 omnis
968 1768 1036 1809 illa
1068 1767 1240 1810 molesta
1262 1784 1399 1823 opera,
1435 1785 1538 1825 quae,

267 1843 534 1898 negligentius
559 1853 724 1886 tractata
742 1843 1086 1900 interpretatione,
1108 1843 1408 1886 consumitur-in
1433 1845 1540 1886 edis-

270 1920 409 1962 cendis
429 1920 615 1963 omnibus
639 1920 786 1976 regulis
809 1930 850 1962 et
885 1920 1196 1975 exceptionibus
1230 1921 1546 1975 grammaticali-'

268 2001 362 2048 bus,
388 2013 557 2054 quarum
580 2013 724 2051 magna
748 2013 841 2052 pars
865 2013 886 2037 a
912 1996 1120 2045 tironibus,
1146 1995 1353 2050 incognita
1387 1996 1539 2037 adhuc-

270 2073 367 2113 dum
391 2071 541 2127 lingua,
565 2071 783 2127 nequidem
808 2070 1054 2125 intelligitur.

836 2243 970 2290 VIII.

338 2374 442 2417 Haec
465 2373 600 2416 omnia
633 2372 759 2428 magis
795 2370 1042 2414 discentibus
1070 2372 1240 2427 linguas,
1264 2372 1411 2427 scripta
1436 2381 1540 2421 sunt,

272 2468 392 2508 quam
418 2452 674 2504 docentibus,
710 2451 779 2508 qui
813 2451 971 2493 aliunde
1007 2453 1090 2492 fere
1125 2468 1265 2493 omnes
1302 2451 1418 2492 simili
1456 2467 1541 2492 me-

272 2530 398 2571 thodo
437 2538 616 2571 utuntur.
695 2527 900 2570 Monendi
947 2527 1148 2569 discentes
1194 2527 1444 2576 videbantur,
1492 2544 1542 2568 ne

272 2615 539 2659 moverentur,
567 2605 600 2647 si
622 2605 786 2648 audiunt
808 2604 963 2660 linguas
987 2603 1198 2645 orientales
1213 2604 1312 2645 tradi
1332 2604 1537 2651 methodo,

275 2699 412 2740 quam,
437 2683 531 2739 quia
553 2682 760 2739 hucusque
782 2684 949 2724 fortasse
984 2681 1228 2736 ignorarunt,
1254 2690 1538 2737 praeposteram
