1915 3293
982 359 1043 405 86

447 484 744 527 Grammaticas
767 491 960 539 praeterea
982 482 1241 538 scripserunt,
1265 484 1483 534 Castellus,
1508 485 1549 525 in
1571 499 1644 526 suo

448 563 606 604 Lexico
622 561 752 617 Hept.
773 560 977 617 Georgius
1000 562 1127 603 Otho.
1154 561 1298 604 Franc.
1312 564 1366 605 ad
1382 563 1642 610 Mum-1735.

446 637 673 679 Wemmers
701 637 742 678 in
772 654 843 680 suo
875 637 1031 680 Lexico
1057 638 1310 694 AEthiopico,
1345 639 1496 690 Romae,
1524 643 1643 684 1638.

447 716 517 755 sed
558 730 652 757 cum
697 713 871 756 editione
915 730 1037 770 supra
1074 716 1233 756 laudata
1272 714 1437 756 minime
1476 731 1644 770 compa-

443 791 599 832 randas.

384 887 548 930 Ludolfi
572 887 755 930 Historia
779 886 1030 943 AEthiopica.
1084 917 1287 930 .....
1326 887 1498 946 Francf.
1522 889 1644 930 1631.

782 985 1108 1029 Commentarius
1114 1017 1406 1030 .......
1447 987 1503 1028 ib.
1528 987 1646 1033 1691.

349 1085 627 1128 ‘³³²‘Psalterium
650 1085 1124 1141 AEthiopico-Latinum.
1181 1118 1191 1128 .
1230 1119 1240 1129 .
1277 1118 1289 1130 .
1330 1123 1337 1130 .
1382 1121 1390 1129 .
1439 1086 1496 1129 ib.
1526 1087 1646 1132 1762.

382 1185 549 1227 Nisselii
571 1195 612 1226 et
633 1185 780 1227 Petraei
803 1184 997 1241 Epistolae
1022 1185 1047 1228 J
1052 1187 1184 1240 acobi,
1208 1186 1419 1237 Johannis,
1443 1196 1484 1229 et
1510 1185 1537 1228 J
1543 1187 1644 1237 udae,

442 1262 617 1304 Arabice:
649 1262 886 1319 AEthiopice
921 1272 962 1305 et
984 1263 1144 1307 Latine.
1184 1300 1192 1307 .
1237 1264 1373 1322 Lugd.
1398 1265 1500 1306 Bac.
1529 1264 1648 1306 1654.

381 1361 604 1417 Prophetia
626 1361 744 1404 Jonae
765 1361 952 1417 AEthiop.
975 1371 1015 1404 et
1032 1362 1125 1405 Lat.
1142 1363 1266 1405 edidit
1289 1364 1482 1405 Petraeus.
1509 1362 1646 1420 Lugd.

1395 1439 1496 1482 Bat.
1525 1441 1646 1483 1660.

382 1534 547 1576 Novum
588 1533 896 1576 Testamentum
922 1535 1096 1592 AEthiop
1102 1568 1307 1578 .....
1346 1534 1500 1588 Romae,
1527 1540 1647 1577 1548.

381 1633 636 1686 Psalterium,
664 1633 879 1676 Canticum
917 1634 1193 1688 Canticorum,
1224 1643 1264 1676 et
1296 1634 1459 1676 Novum
1500 1635 1541 1676 T
1543 1645 1647 1677 esta-

441 1719 622 1753 mentum
658 1711 896 1768 AEthiopice
934 1722 974 1754 et
1008 1712 1168 1765 Latine,
1204 1712 1328 1754 edidit
1359 1712 1573 1754 Waltonus
1608 1712 1649 1753 in

443 1788 586 1830 Bibliis
621 1787 862 1842 Polyglottis
894 1788 1027 1829 Lond.
1066 1790 1151 1837 sed,
1182 1788 1213 1830 si
1243 1787 1424 1829 Ludolfo
1449 1788 1550 1830 fides
1577 1789 1648 1830 ad-

444 1874 673 1916 strueretur,
699 1881 842 1920 parum
867 1866 1074 1908 adcurate.

378 1963 493 2006 Isaiae
516 1961 734 2004 Ascensio.
803 1960 928 2004 Liber
950 1961 1222 2018 Apocryphus
1247 1964 1310 2004 ed.
1347 1961 1401 2004 R.
1426 1962 1649 2014 Laurence,

441 2039 610 2094 Linguae
626 2038 814 2080 Hebraeae
837 2040 947 2094 apud
967 2039 1221 2081 Oxonienses
1243 2040 1454 2082 Professor
1479 2040 1649 2082 Doctis2

442 2117 580 2159 simus.
621 2114 754 2157 Oxon.
782 2122 900 2164 1819.
955 2116 1076 2166 Item,
1104 2116 1227 2158 Liber
1251 2117 1411 2159 Primus
1431 2117 1557 2159 Ezrae.
1594 2117 1649 2159 ib.

444 2198 568 2234 1820.
636 2191 724 2233 The
749 2192 866 2233 Book
892 2193 940 2233 of
960 2192 1119 2234 Enoch.
1155 2192 1210 2233 ib.
1241 2198 1359 2234 1821.

381 2290 563 2346 Liturgia
587 2289 782 2332 Dioscuri
807 2290 847 2332 in
867 2290 971 2332 Lex.
991 2291 1178 2347 AEthiop.
1201 2291 1294 2333 Lat.
1312 2291 1435 2333 edidit
1455 2290 1647 2332 Vansleb.

1367 2367 1498 2409 Lond.
1529 2369 1647 2411 1661.

378 2466 557 2508 Adeatur
591 2465 743 2509 Critica
784 2467 920 2509 Sacra.
983 2467 1061 2509 Ed.
1096 2467 1261 2510 Masch.
1299 2468 1397 2509 Pars
1421 2468 1446 2508 i.
1486 2477 1584 2510 sect.
1609 2469 1650 2509 6.

443 2543 498 2584 ib.
565 2542 726 2599 Proleg.
784 2543 963 2587 Waltoni
1013 2544 1111 2585 XV.
1170 2554 1208 2585 et
1256 2544 1417 2586 Einleit.
1469 2544 1507 2586 in
1566 2546 1649 2586 das.

444 2620 495 2662 A.
522 2620 639 2664 Test.
675 2619 864 2663 Eichorn.
901 2622 949 2663 B.
980 2636 1008 2664 1.
1039 2619 1077 2675 ᾗ.
1103 2626 1196 2667 309.
