1915 3293
918 372 983 420 ‘20

305 511 425 551 quam
465 497 617 551 antiqui
652 496 706 536 illi
746 497 999 549 interpretes,
1033 500 1083 538 ab
1122 513 1195 538 usu
1231 496 1375 551 linguae
1406 495 1591 537 Hebraeae

302 570 464 619 distant,
505 571 688 611 dissensu
725 586 888 626 quoque
935 586 1008 610 suo
1055 587 1097 611 se
1143 571 1315 612 invicem
1359 574 1592 626 reprobant,

298 647 482 700 pluribus
519 646 648 687 verbis
682 656 722 687 et
760 644 972 700 phrasibus
1008 660 1170 685 sensum
1205 646 1416 687 manifeste
1446 646 1593 686 falsum

298 724 530 779 subjiciunt,
551 740 632 764 non
658 739 746 764 raro
773 723 850 762 vim
872 738 1020 763 vocum
1046 738 1094 763 ex
1122 722 1425 763 definitionibus
1450 738 1594 763 recen-

298 796 418 838 tiores
445 797 714 852 philosophiae
741 796 972 847 metiuntur,
1004 812 1113 850 saepe
1143 795 1182 835 in
1210 795 1319 836 seriis
1345 797 1445 836 adeo
1473 804 1593 849 petu-

296 875 424 914 lanter
448 873 606 924 ludunt,
634 883 677 914 ut
703 889 750 913 ex
778 871 898 912 literis
924 871 1111 925 mysteria
1136 872 1386 921 extundant3
1417 869 1593 925 denique

295 949 447 1004 ubique
472 952 666 1004 produnt,
703 966 744 990 se
777 948 875 989 nihil
910 950 1059 989 habere
1090 948 1204 995 certi,
1242 948 1354 1002 quod
1392 945 1509 987 nobis
1544 946 1594 985 de

295 1024 462 1080 antiquo
490 1040 564 1064 usu
588 1024 782 1079 loquendi
806 1025 995 1064 referant.
1053 1022 1218 1070 Paucis,
1250 1021 1426 1076 magistri
1451 1019 1594 1061 Judae-

291 1116 407 1141 orum
448 1102 497 1140 ad
535 1099 723 1155 antiquos
762 1099 964 1140 Hebraeos
1002 1115 1044 1140 se
1078 1100 1244 1148 habent,
1284 1106 1326 1138 ut
1361 1096 1594 1138 scholastici

291 1175 415 1216 medii
441 1175 514 1216 aevi
549 1177 598 1215 ad
632 1174 819 1229 antiquos
856 1174 1043 1223 Latinos,
1084 1182 1125 1213 et
1158 1174 1506 1228 quemadmodum
1540 1172 1592 1222 hi,

291 1252 342 1291 de
384 1250 552 1305 antiquo
587 1249 828 1290 Latinorum
867 1265 943 1289 usu
980 1247 1189 1303 loquendi,
1231 1257 1353 1289 testes
1390 1263 1471 1288 non
1505 1257 1597 1287 sunt

295 1326 457 1367 idonei:
494 1325 548 1366 ita
572 1326 700 1365 multo
728 1324 859 1364 minus
902 1323 1098 1370 Rabbini,
1137 1325 1187 1363 de
1227 1322 1393 1377 antiquo
1420 1323 1595 1363 Hebrae-

295 1417 411 1442 orum
438 1417 514 1442 usu
554 1399 761 1455 loquendi,
790 1416 812 1440 a
837 1416 920 1454 quo
957 1402 1087 1440 multo
1124 1398 1285 1452 longius
1320 1398 1485 1448 distant,
1519 1414 1594 1452 pro

294 1478 526 1519 testimonio
550 1477 686 1518 dicere
715 1487 904 1532 possunt,
933 1476 1006 1518 etsi
1041 1477 1099 1528 hi,
1137 1476 1242 1517 sicut
1273 1476 1346 1526 illi,
1383 1491 1468 1516 non
1496 1491 1595 1516 con-

297 1557 557 1597 temnendam
583 1554 732 1608 linguae
763 1563 920 1608 partem
957 1552 1598 1594 conservarunt.—C0mmenta—

296 1631 355 1683 rii,
383 1630 550 1671 Scholia
575 1639 615 1670 et
639 1629 797 1670 Lexica
822 1629 973 1679 omnia,
1003 1630 1133 1669 multo
1168 1629 1299 1669 adhuc
1327 1637 1421 1669 sunt
1454 1645 1596 1670 recen-

296 1707 412 1757 tiora,
456 1721 579 1761 quam
617 1703 865 1759 antiquiores
901 1703 1083 1744 Rabbini
1117 1712 1157 1744 et
1194 1703 1412 1753 versiones,
1451 1704 1596 1758 partim

297 1799 346 1824 ex
382 1782 443 1822 his
483 1780 582 1835 ipsis
621 1779 856 1833 compilata,
893 1778 1040 1833 partim
1077 1777 1264 1819 inanibus
1301 1778 1598 1832 hypothesibus

298 1865 592 1911 superstructa,
629 1855 713 1895 sine
746 1854 838 1895 crisi
862 1864 901 1894 et
929 1856 1083 1909 absque
1109 1863 1301 1894 accurata
1337 1853 1484 1907 linguae
1521 1854 1598 1895 sci-

297 1933 404 1975 entia
452 1942 662 1985 congesta,
715 1940 753 1970 et
793 1946 867 1971 suo
913 1930 1097 1970 dissensu
1140 1939 1178 1969 et
1224 1944 1360 1983 pugna
1399 1928 1501 1969 inter
1538 1946 1596 1979 se,

300 2018 519 2064 suspecta3
556 2005 723 2047 meliora
749 2014 840 2046 sunt
866 2004 1158 2054 recentissima,
1197 2019 1288 2058 quae
1317 2013 1467 2053 tamen,
1494 2019 1597 2057 prae-

300 2096 484 2140 terquam
511 2085 621 2137 quod
647 2083 731 2123 sine
757 2080 989 2135 cognitione
1026 2079 1292 2120 dialectoruni
1328 2087 1596 2132 cognatarum

302 2177 383 2202 11011
422 2159 541 2215 plene
578 2157 865 2210 intelligantur,
903 2155 1066 2195 minime
1107 2154 1208 2194 inter
1242 2170 1284 2194 se
1323 2154 1597 2206 consentiunt,

302 2246 347 2278 ut
370 2237 420 2276 ad
443 2234 706 2275 dirimendam
733 2248 874 2273 eorum
901 2246 1095 2285 pugnam,
1123 2230 1229 2271 alind
1254 2230 1432 2270 medium
1463 2232 1596 2286 requi-

304 2314 473 2354 rendum
500 2310 563 2350 sit.

371 2387 440 2428 De
479 2387 587 2425 facto
623 2383 774 2438 itaque,
811 2398 932 2437 quam
969 2380 1208 2422 sententiam
1241 2380 1393 2436 antiqui
1430 2380 1599 2421 Hebraei

304 2463 434 2505 verbis
460 2471 501 2502 et
527 2459 740 2515 phrasibus
775 2474 856 2498 suae
892 2457 1052 2510 linguae,
1081 2456 1306 2512 junxerint,
1338 2467 1487 2510 praesto
1519 2472 1598 2497 non

305 2547 398 2581 sunt
421 2546 542 2578 testes
577 2533 744 2585 directi3
795 2535 990 2588 supplent
1027 2548 1119 2572 vero
1155 2533 1362 2572 defectum
1400 2532 1597 2584 indirecti,

303 2612 464 2655 dialecti
488 2612 663 2665 inquam,
692 2624 780 2664 quae
806 2610 944 2648 eadem
985 2624 1079 2649 cnm
1108 2607 1313 2648 Hebraica
1351 2610 1484 2659 verba,
1508 2624 1597 2648 eas-

302 2693 393 2730 dem
432 2688 611 2742 phrases,
646 2687 814 2725 cundem
855 2686 934 2724 fere
970 2683 1308 2733 (jnnnmaticam,
1349 2694 1385 2723 ct
1426 2684 1593 2723 candem
