<?xml version="1.0" encoding="UTF-8"?>
<!DOCTYPE html PUBLIC "-//W3C//DTD XHTML 1.0 Transitional//EN"
    "http://www.w3.org/TR/xhtml1/DTD/xhtml1-transitional.dtd">
<html xmlns="http://www.w3.org/1999/xhtml" xml:lang="en" lang="en">
 <head>
  <title>
</title>
<meta http-equiv="Content-Type" content="text/html;charset=utf-8" />
  <meta name='ocr-system' content='tesseract 3.04.00' />
  <meta name='ocr-capabilities' content='ocr_page ocr_carea ocr_par ocr_line ocrx_word'/>
</head>
<body>
  <div class='ocr_page' id='page_1' title='image "./syllogelibrorumo00leesuoft_0029.png"; bbox 0 0 1915 3293; ppageno 0'>
   <div class='ocr_carea' id='block_1_1' title="bbox 897 361 961 405">
    <p class='ocr_par' dir='ltr' id='par_1_1' title="bbox 897 361 961 405">
     <span class='ocr_line' id='line_1_1' title="bbox 897 361 961 405; baseline -0.031 0"><span class='ocrx_word' id='word_1_1' title='bbox 897 361 961 405; x_wconf 69' lang='lat'><strong>‘23</strong></span> 
     </span>
    </p>
   </div>
   <div class='ocr_carea' id='block_1_2' title="bbox 276 480 1588 2650">
    <p class='ocr_par' dir='ltr' id='par_1_2' title="bbox 276 480 1588 2650">
     <span class='ocr_line' id='line_1_2' title="bbox 278 480 1567 535; baseline -0.004 -11"><span class='ocrx_word' id='word_1_2' title='bbox 278 485 478 524; x_wconf 66' lang='lat' dir='ltr'><strong>literarum</strong></span> <span class='ocrx_word' id='word_1_3' title='bbox 522 482 842 534; x_wconf 76' lang='lat' dir='ltr'><strong>theologicarum</strong></span> <span class='ocrx_word' id='word_1_4' title='bbox 892 482 1178 527; x_wconf 65' lang='lat' dir='ltr'><strong>conditionem,</strong></span> <span class='ocrx_word' id='word_1_5' title='bbox 1224 490 1279 531; x_wconf 87' lang='lat' dir='ltr'><strong>ut,</strong></span> <span class='ocrx_word' id='word_1_6' title='bbox 1327 481 1435 535; x_wconf 84' lang='lat' dir='ltr'><strong>quod</strong></span> <span class='ocrx_word' id='word_1_7' title='bbox 1473 480 1567 520; x_wconf 89' lang='lat' dir='ltr'><strong>olim</strong></span> 
     </span>
     <span class='ocr_line' id='line_1_3' title="bbox 279 557 1570 612; baseline -0.002 -13"><span class='ocrx_word' id='word_1_8' title='bbox 279 576 359 600; x_wconf 83' lang='lat' dir='ltr'><strong>non</strong></span> <span class='ocrx_word' id='word_1_9' title='bbox 384 562 485 600; x_wconf 85' lang='lat' dir='ltr'><strong>adeo</strong></span> <span class='ocrx_word' id='word_1_10' title='bbox 510 559 828 610; x_wconf 70' lang='lat' dir='ltr'>desiderabatur,</span> <span class='ocrx_word' id='word_1_11' title='bbox 852 575 976 608; x_wconf 84' lang='lat' dir='ltr'><strong>nunc,</strong></span> <span class='ocrx_word' id='word_1_12' title='bbox 1005 560 1110 598; x_wconf 75' lang='lat' dir='ltr'><strong>salva</strong></span> <span class='ocrx_word' id='word_1_13' title='bbox 1136 557 1301 598; x_wconf 83' lang='lat' dir='ltr'><strong>scicntia</strong></span> <span class='ocrx_word' id='word_1_14' title='bbox 1326 558 1570 612; x_wconf 84' lang='lat' dir='ltr'><strong>theologica,</strong></span> 
     </span>
     <span class='ocr_line' id='line_1_4' title="bbox 276 633 1570 689; baseline -0.002 -13"><span class='ocrx_word' id='word_1_15' title='bbox 276 638 415 676; x_wconf 84' lang='lat' dir='ltr'><strong>deesse</strong></span> <span class='ocrx_word' id='word_1_16' title='bbox 455 650 537 676; x_wconf 91' lang='lat' dir='ltr'><strong>non</strong></span> <span class='ocrx_word' id='word_1_17' title='bbox 587 634 725 689; x_wconf 83' lang='lat' dir='ltr'><strong>possit.</strong></span> <span class='ocrx_word' id='word_1_18' title='bbox 801 634 908 674; x_wconf 91' lang='lat' dir='ltr'><strong>Cum</strong></span> <span class='ocrx_word' id='word_1_19' title='bbox 955 649 1131 688; x_wconf 88' lang='lat' dir='ltr'><strong>namque</strong></span> <span class='ocrx_word' id='word_1_20' title='bbox 1177 642 1324 674; x_wconf 87' lang='lat' dir='ltr'><strong>cuncta</strong></span> <span class='ocrx_word' id='word_1_21' title='bbox 1367 633 1570 674; x_wconf 85' lang='lat' dir='ltr'><strong>literarum</strong></span> 
     </span>
     <span class='ocr_line' id='line_1_5' title="bbox 278 708 1572 765; baseline -0.002 -14"><span class='ocrx_word' id='word_1_22' title='bbox 278 710 423 758; x_wconf 87' lang='lat' dir='ltr'><strong>studia,</strong></span> <span class='ocrx_word' id='word_1_23' title='bbox 457 720 497 751; x_wconf 86' lang='lat' dir='ltr'><strong>et</strong></span> <span class='ocrx_word' id='word_1_24' title='bbox 533 710 714 765; x_wconf 81' lang='lat' dir='ltr'>inprimis</span> <span class='ocrx_word' id='word_1_25' title='bbox 751 708 1049 763; x_wconf 85' lang='lat' dir='ltr'><strong>philosophica,</strong></span> <span class='ocrx_word' id='word_1_26' title='bbox 1090 708 1336 764; x_wconf 78' lang='lat' dir='ltr'><strong>quibuscum</strong></span> <span class='ocrx_word' id='word_1_27' title='bbox 1367 708 1572 763; x_wconf 83' lang='lat' dir='ltr'>theologia</span> 
     </span>
     <span class='ocr_line' id='line_1_6' title="bbox 276 783 1572 838; baseline -0.003 -11"><span class='ocrx_word' id='word_1_28' title='bbox 276 795 389 827; x_wconf 88' lang='lat' dir='ltr'><strong>arcto</strong></span> <span class='ocrx_word' id='word_1_29' title='bbox 435 802 544 827; x_wconf 80' lang='lat' dir='ltr'><strong>nexu</strong></span> <span class='ocrx_word' id='word_1_30' title='bbox 590 787 778 835; x_wconf 76' lang='lat' dir='ltr'><strong>cohaeret,</strong></span> <span class='ocrx_word' id='word_1_31' title='bbox 826 784 984 838; x_wconf 85' lang='lat' dir='ltr'><strong>longius</strong></span> <span class='ocrx_word' id='word_1_32' title='bbox 1031 799 1245 838; x_wconf 89' lang='lat' dir='ltr'><strong>progressa</strong></span> <span class='ocrx_word' id='word_1_33' title='bbox 1281 783 1373 833; x_wconf 82' lang='lat' dir='ltr'><strong>sint,</strong></span> <span class='ocrx_word' id='word_1_34' title='bbox 1415 792 1454 824; x_wconf 88' lang='lat' dir='ltr'><strong>et</strong></span> <span class='ocrx_word' id='word_1_35' title='bbox 1493 799 1572 824; x_wconf 90' lang='lat' dir='ltr'><strong>non</strong></span> 
     </span>
     <span class='ocr_line' id='line_1_7' title="bbox 278 859 1574 916; baseline -0.002 -14"><span class='ocrx_word' id='word_1_36' title='bbox 278 862 410 904; x_wconf 89' lang='lat' dir='ltr'><strong>solum</strong></span> <span class='ocrx_word' id='word_1_37' title='bbox 459 863 587 904; x_wconf 89' lang='lat' dir='ltr'><strong>multo</strong></span> <span class='ocrx_word' id='word_1_38' title='bbox 631 863 745 916; x_wconf 87' lang='lat' dir='ltr'><strong>plura</strong></span> <span class='ocrx_word' id='word_1_39' title='bbox 786 862 1127 915; x_wconf 85' lang='lat' dir='ltr'><strong>complectantur,</strong></span> <span class='ocrx_word' id='word_1_40' title='bbox 1172 861 1241 900; x_wconf 85' lang='lat' dir='ltr'><strong>sed</strong></span> <span class='ocrx_word' id='word_1_41' title='bbox 1290 859 1409 900; x_wconf 86' lang='lat' dir='ltr'><strong>etiam</strong></span> <span class='ocrx_word' id='word_1_42' title='bbox 1452 859 1574 915; x_wconf 85' lang='lat' dir='ltr'><strong>longe</strong></span> 
     </span>
     <span class='ocr_line' id='line_1_8' title="bbox 280 936 1573 991; baseline -0.002 -12"><span class='ocrx_word' id='word_1_43' title='bbox 280 938 468 979; x_wconf 85' lang='lat' dir='ltr'><strong>subtilius</strong></span> <span class='ocrx_word' id='word_1_44' title='bbox 494 946 737 978; x_wconf 81' lang='lat' dir='ltr'>tractentur:</span> <span class='ocrx_word' id='word_1_45' title='bbox 786 936 990 990; x_wconf 80' lang='lat' dir='ltr'>theologia</span> <span class='ocrx_word' id='word_1_46' title='bbox 1027 952 1191 991; x_wconf 88' lang='lat' dir='ltr'><strong>quoque</strong></span> <span class='ocrx_word' id='word_1_47' title='bbox 1227 952 1302 977; x_wconf 91' lang='lat' dir='ltr'><strong>nec</strong></span> <span class='ocrx_word' id='word_1_48' title='bbox 1339 937 1474 984; x_wconf 89' lang='lat' dir='ltr'><strong>debet,</strong></span> <span class='ocrx_word' id='word_1_49' title='bbox 1497 952 1573 977; x_wconf 89' lang='lat' dir='ltr'><strong>nec</strong></span> 
     </span>
     <span class='ocr_line' id='line_1_9' title="bbox 278 1010 1575 1067; baseline -0.002 -13"><span class='ocrx_word' id='word_1_50' title='bbox 278 1021 416 1067; x_wconf 85' lang='lat' dir='ltr'><strong>potest</strong></span> <span class='ocrx_word' id='word_1_51' title='bbox 439 1028 602 1053; x_wconf 86' lang='lat' dir='ltr'><strong>manere</strong></span> <span class='ocrx_word' id='word_1_52' title='bbox 626 1011 708 1062; x_wconf 86' lang='lat' dir='ltr'><strong>illa,</strong></span> <span class='ocrx_word' id='word_1_53' title='bbox 732 1026 820 1066; x_wconf 83' lang='lat' dir='ltr'><strong>quae</strong></span> <span class='ocrx_word' id='word_1_54' title='bbox 839 1011 937 1051; x_wconf 91' lang='lat' dir='ltr'><strong>olim</strong></span> <span class='ocrx_word' id='word_1_55' title='bbox 965 1010 1052 1059; x_wconf 87' lang='lat' dir='ltr'><strong>fuit,</strong></span> <span class='ocrx_word' id='word_1_56' title='bbox 1070 1011 1143 1051; x_wconf 86' lang='lat' dir='ltr'><strong>nisi</strong></span> <span class='ocrx_word' id='word_1_57' title='bbox 1166 1011 1403 1065; x_wconf 82' lang='lat' dir='ltr'><strong>religionem</strong></span> <span class='ocrx_word' id='word_1_58' title='bbox 1429 1011 1575 1065; x_wconf 84' lang='lat' dir='ltr'>ipsam,</span> 
     </span>
     <span class='ocr_line' id='line_1_10' title="bbox 278 1086 1576 1143; baseline -0.002 -14"><span class='ocrx_word' id='word_1_59' title='bbox 278 1089 396 1143; x_wconf 87' lang='lat' dir='ltr'><strong>cujus</strong></span> <span class='ocrx_word' id='word_1_60' title='bbox 421 1087 779 1143; x_wconf 85' lang='lat' dir='ltr'>propugnaculum</span> <span class='ocrx_word' id='word_1_61' title='bbox 806 1096 916 1128; x_wconf 85' lang='lat' dir='ltr'><strong>recte</strong></span> <span class='ocrx_word' id='word_1_62' title='bbox 943 1086 1091 1127; x_wconf 85' lang='lat' dir='ltr'><strong>dixeris</strong></span> <span class='ocrx_word' id='word_1_63' title='bbox 1126 1086 1389 1140; x_wconf 84' lang='lat' dir='ltr'><strong>theologiam,</strong></span> <span class='ocrx_word' id='word_1_64' title='bbox 1415 1102 1576 1128; x_wconf 89' lang='lat' dir='ltr'><strong>summo</strong></span> 
     </span>
     <span class='ocr_line' id='line_1_11' title="bbox 281 1161 1578 1218; baseline -0.001 -14"><span class='ocrx_word' id='word_1_65' title='bbox 281 1165 432 1204; x_wconf 83' lang='lat' dir='ltr'><strong>scelere</strong></span> <span class='ocrx_word' id='word_1_66' title='bbox 467 1164 652 1218; x_wconf 86' lang='lat' dir='ltr'><strong>prodere,</strong></span> <span class='ocrx_word' id='word_1_67' title='bbox 678 1163 807 1204; x_wconf 82' lang='lat' dir='ltr'><strong>visum</strong></span> <span class='ocrx_word' id='word_1_68' title='bbox 832 1162 967 1203; x_wconf 89' lang='lat' dir='ltr'><strong>fuerit.</strong></span> <span class='ocrx_word' id='word_1_69' title='bbox 1042 1162 1229 1203; x_wconf 85' lang='lat' dir='ltr'><strong>Necesse</strong></span> <span class='ocrx_word' id='word_1_70' title='bbox 1260 1161 1396 1218; x_wconf 86' lang='lat' dir='ltr'><strong>itaque</strong></span> <span class='ocrx_word' id='word_1_71' title='bbox 1433 1171 1508 1211; x_wconf 91' lang='lat' dir='ltr'><strong>est,</strong></span> <span class='ocrx_word' id='word_1_72' title='bbox 1536 1172 1578 1203; x_wconf 89' lang='lat' dir='ltr'><strong>ut</strong></span> 
     </span>
     <span class='ocr_line' id='line_1_12' title="bbox 281 1238 1578 1294; baseline 0.001 -16"><span class='ocrx_word' id='word_1_73' title='bbox 281 1238 403 1280; x_wconf 87' lang='lat' dir='ltr'><strong>literae</strong></span> <span class='ocrx_word' id='word_1_74' title='bbox 428 1254 594 1294; x_wconf 88' lang='lat' dir='ltr'><strong>quoque</strong></span> <span class='ocrx_word' id='word_1_75' title='bbox 627 1238 868 1292; x_wconf 85' lang='lat' dir='ltr'><strong>theologicae</strong></span> <span class='ocrx_word' id='word_1_76' title='bbox 895 1238 1012 1279; x_wconf 85' lang='lat' dir='ltr'><strong>latius</strong></span> <span class='ocrx_word' id='word_1_77' title='bbox 1047 1247 1224 1292; x_wconf 88' lang='lat' dir='ltr'><strong>pateant,</strong></span> <span class='ocrx_word' id='word_1_78' title='bbox 1250 1239 1471 1292; x_wconf 86' lang='lat' dir='ltr'><strong>complexu</strong></span> <span class='ocrx_word' id='word_1_79' title='bbox 1505 1254 1578 1279; x_wconf 92' lang='lat' dir='ltr'><strong>suo</strong></span> 
     </span>
     <span class='ocr_line' id='line_1_13' title="bbox 282 1313 1580 1369; baseline 0.001 -15"><span class='ocrx_word' id='word_1_80' title='bbox 282 1314 479 1369; x_wconf 85' lang='lat' dir='ltr'><strong>ampliora</strong></span> <span class='ocrx_word' id='word_1_81' title='bbox 519 1315 881 1368; x_wconf 84' lang='lat' dir='ltr'><strong>comprehendant,</strong></span> <span class='ocrx_word' id='word_1_82' title='bbox 919 1323 958 1354; x_wconf 90' lang='lat' dir='ltr'><strong>et</strong></span> <span class='ocrx_word' id='word_1_83' title='bbox 995 1313 1138 1369; x_wconf 87' lang='lat' dir='ltr'><strong>majori</strong></span> <span class='ocrx_word' id='word_1_84' title='bbox 1174 1329 1270 1353; x_wconf 88' lang='lat' dir='ltr'><strong>cura</strong></span> <span class='ocrx_word' id='word_1_85' title='bbox 1299 1323 1339 1354; x_wconf 91' lang='lat' dir='ltr'><strong>et</strong></span> <span class='ocrx_word' id='word_1_86' title='bbox 1374 1313 1580 1368; x_wconf 84' lang='lat' dir='ltr'><strong>diligentia</strong></span> 
     </span>
     <span class='ocr_line' id='line_1_14' title="bbox 285 1390 1580 1446; baseline 0 -15"><span class='ocrx_word' id='word_1_87' title='bbox 285 1390 485 1441; x_wconf 83' lang='lat' dir='ltr'><strong>colantur,</strong></span> <span class='ocrx_word' id='word_1_88' title='bbox 507 1398 628 1445; x_wconf 86' lang='lat' dir='ltr'><strong>atque</strong></span> <span class='ocrx_word' id='word_1_89' title='bbox 654 1390 707 1431; x_wconf 86' lang='lat' dir='ltr'><strong>ita</strong></span> <span class='ocrx_word' id='word_1_90' title='bbox 735 1392 925 1446; x_wconf 86' lang='lat' dir='ltr'><strong>juvenes,</strong></span> <span class='ocrx_word' id='word_1_91' title='bbox 950 1390 1018 1445; x_wconf 90' lang='lat' dir='ltr'><strong>qui</strong></span> <span class='ocrx_word' id='word_1_92' title='bbox 1055 1390 1092 1430; x_wconf 91' lang='lat' dir='ltr'><strong>in</strong></span> <span class='ocrx_word' id='word_1_93' title='bbox 1127 1390 1260 1431; x_wconf 89' lang='lat' dir='ltr'><strong>studio</strong></span> <span class='ocrx_word' id='word_1_94' title='bbox 1290 1390 1580 1445; x_wconf 90' lang='lat' dir='ltr'><strong>philosophico</strong></span> 
     </span>
     <span class='ocr_line' id='line_1_15' title="bbox 283 1465 1583 1521; baseline 0.002 -15"><span class='ocrx_word' id='word_1_95' title='bbox 283 1465 415 1508; x_wconf 89' lang='lat' dir='ltr'><strong>multo</strong></span> <span class='ocrx_word' id='word_1_96' title='bbox 445 1466 562 1521; x_wconf 86' lang='lat' dir='ltr'><strong>plura</strong></span> <span class='ocrx_word' id='word_1_97' title='bbox 598 1466 841 1517; x_wconf 89' lang='lat' dir='ltr'><strong>didicerunt,</strong></span> <span class='ocrx_word' id='word_1_98' title='bbox 877 1475 916 1507; x_wconf 86' lang='lat' dir='ltr'><strong>et</strong></span> <span class='ocrx_word' id='word_1_99' title='bbox 953 1465 1089 1507; x_wconf 88' lang='lat' dir='ltr'><strong>omnia</strong></span> <span class='ocrx_word' id='word_1_100' title='bbox 1130 1466 1316 1507; x_wconf 87' lang='lat' dir='ltr'><strong>subtilius</strong></span> <span class='ocrx_word' id='word_1_101' title='bbox 1352 1466 1583 1509; x_wconf 83' lang='lat' dir='ltr'><strong>examinare</strong></span> 
     </span>
     <span class='ocr_line' id='line_1_16' title="bbox 286 1540 1585 1596; baseline 0 -14"><span class='ocrx_word' id='word_1_102' title='bbox 286 1541 502 1583; x_wconf 83' lang='lat' dir='ltr'><strong>assuefacti</strong></span> <span class='ocrx_word' id='word_1_103' title='bbox 528 1550 634 1592; x_wconf 91' lang='lat' dir='ltr'><strong>sunt,</strong></span> <span class='ocrx_word' id='word_1_104' title='bbox 656 1541 697 1581; x_wconf 89' lang='lat' dir='ltr'><strong>in</strong></span> <span class='ocrx_word' id='word_1_105' title='bbox 735 1540 939 1593; x_wconf 86' lang='lat' dir='ltr'><strong>theologia</strong></span> <span class='ocrx_word' id='word_1_106' title='bbox 976 1556 1140 1596; x_wconf 87' lang='lat' dir='ltr'><strong>quoque</strong></span> <span class='ocrx_word' id='word_1_107' title='bbox 1166 1541 1351 1595; x_wconf 86' lang='lat' dir='ltr'><strong>pluribus</strong></span> <span class='ocrx_word' id='word_1_108' title='bbox 1383 1541 1585 1583; x_wconf 87' lang='lat' dir='ltr'><strong>instruan-</strong></span> 
     </span>
     <span class='ocr_line' id='line_1_17' title="bbox 288 1613 1583 1670; baseline 0 -15"><span class='ocrx_word' id='word_1_109' title='bbox 288 1626 364 1662; x_wconf 87' lang='lat' dir='ltr'><strong>tur,</strong></span> <span class='ocrx_word' id='word_1_110' title='bbox 391 1624 431 1654; x_wconf 90' lang='lat' dir='ltr'><strong>et</strong></span> <span class='ocrx_word' id='word_1_111' title='bbox 455 1614 591 1654; x_wconf 82' lang='lat' dir='ltr'><strong>onmia</strong></span> <span class='ocrx_word' id='word_1_112' title='bbox 625 1613 854 1654; x_wconf 84' lang='lat' dir='ltr'><strong>accuratius</strong></span> <span class='ocrx_word' id='word_1_113' title='bbox 890 1613 1132 1666; x_wconf 87' lang='lat' dir='ltr'><strong>investigare</strong></span> <span class='ocrx_word' id='word_1_114' title='bbox 1158 1614 1331 1662; x_wconf 83' lang='lat' dir='ltr'><strong>discant,</strong></span> <span class='ocrx_word' id='word_1_115' title='bbox 1366 1617 1476 1670; x_wconf 91' lang='lat' dir='ltr'><strong>quod</strong></span> <span class='ocrx_word' id='word_1_116' title='bbox 1507 1614 1583 1655; x_wconf 88' lang='lat' dir='ltr'><strong>nisi</strong></span> 
     </span>
     <span class='ocr_line' id='line_1_18' title="bbox 286 1687 1582 1743; baseline 0 -13"><span class='ocrx_word' id='word_1_117' title='bbox 286 1689 373 1739; x_wconf 84' lang='lat' dir='ltr'><strong>fiat,</strong></span> <span class='ocrx_word' id='word_1_118' title='bbox 419 1689 502 1740; x_wconf 86' lang='lat' dir='ltr'><strong>illa,</strong></span> <span class='ocrx_word' id='word_1_119' title='bbox 549 1704 638 1743; x_wconf 84' lang='lat' dir='ltr'><strong>quae</strong></span> <span class='ocrx_word' id='word_1_120' title='bbox 681 1687 721 1728; x_wconf 90' lang='lat' dir='ltr'><strong>in</strong></span> <span class='ocrx_word' id='word_1_121' title='bbox 769 1688 973 1729; x_wconf 89' lang='lat' dir='ltr'><strong>curriculo</strong></span> <span class='ocrx_word' id='word_1_122' title='bbox 1016 1688 1220 1729; x_wconf 86' lang='lat' dir='ltr'><strong>literarum</strong></span> <span class='ocrx_word' id='word_1_123' title='bbox 1258 1689 1582 1743; x_wconf 87' lang='lat' dir='ltr'><strong>theologicarum</strong></span> 
     </span>
     <span class='ocr_line' id='line_1_19' title="bbox 286 1762 1582 1818; baseline 0.001 -14"><span class='ocrx_word' id='word_1_124' title='bbox 286 1763 456 1805; x_wconf 89' lang='lat' dir='ltr'><strong>audiunt</strong></span> <span class='ocrx_word' id='word_1_125' title='bbox 479 1773 519 1803; x_wconf 86' lang='lat' dir='ltr'><strong>et</strong></span> <span class='ocrx_word' id='word_1_126' title='bbox 542 1763 695 1817; x_wconf 86' lang='lat' dir='ltr'><strong>legunt,</strong></span> <span class='ocrx_word' id='word_1_127' title='bbox 723 1777 798 1803; x_wconf 89' lang='lat' dir='ltr'><strong>nec</strong></span> <span class='ocrx_word' id='word_1_128' title='bbox 834 1762 925 1809; x_wconf 87' lang='lat' dir='ltr'><strong>sibi,</strong></span> <span class='ocrx_word' id='word_1_129' title='bbox 957 1777 1033 1802; x_wconf 89' lang='lat' dir='ltr'><strong>nec</strong></span> <span class='ocrx_word' id='word_1_130' title='bbox 1059 1762 1145 1804; x_wconf 83' lang='lat' dir='ltr'><strong>aliis</strong></span> <span class='ocrx_word' id='word_1_131' title='bbox 1182 1765 1427 1818; x_wconf 86' lang='lat' dir='ltr'><strong>persuadere</strong></span> <span class='ocrx_word' id='word_1_132' title='bbox 1463 1773 1582 1818; x_wconf 90' lang='lat' dir='ltr'><strong>pote-</strong></span> 
     </span>
     <span class='ocr_line' id='line_1_20' title="bbox 287 1837 1582 1894; baseline 0 -14"><span class='ocrx_word' id='word_1_133' title='bbox 287 1849 393 1880; x_wconf 87' lang='lat' dir='ltr'><strong>runt.</strong></span> <span class='ocrx_word' id='word_1_134' title='bbox 453 1839 606 1879; x_wconf 84' lang='lat' dir='ltr'><strong>Sensus</strong></span> <span class='ocrx_word' id='word_1_135' title='bbox 629 1838 767 1893; x_wconf 85' lang='lat' dir='ltr'><strong>itaque</strong></span> <span class='ocrx_word' id='word_1_136' title='bbox 793 1837 1023 1879; x_wconf 84' lang='lat' dir='ltr'><strong>Bibliorum</strong></span> <span class='ocrx_word' id='word_1_137' title='bbox 1049 1854 1254 1879; x_wconf 85' lang='lat' dir='ltr'><strong>sacrorum</strong></span> <span class='ocrx_word' id='word_1_138' title='bbox 1277 1855 1298 1879; x_wconf 91' lang='lat' dir='ltr'><strong>e</strong></span> <span class='ocrx_word' id='word_1_139' title='bbox 1320 1839 1446 1880; x_wconf 89' lang='lat' dir='ltr'><strong>firmis</strong></span> <span class='ocrx_word' id='word_1_140' title='bbox 1472 1839 1582 1894; x_wconf 88' lang='lat' dir='ltr'><strong>prin-</strong></span> 
     </span>
     <span class='ocr_line' id='line_1_21' title="bbox 290 1908 1585 1970; baseline 0 -15"><span class='ocrx_word' id='word_1_141' title='bbox 290 1914 407 1970; x_wconf 89' lang='lat' dir='ltr'><strong>cipiis</strong></span> <span class='ocrx_word' id='word_1_142' title='bbox 432 1914 648 1962; x_wconf 87' lang='lat' dir='ltr'><strong>eruendus,</strong></span> <span class='ocrx_word' id='word_1_143' title='bbox 675 1921 816 1953; x_wconf 85' lang='lat' dir='ltr'><strong>contra</strong></span> <span class='ocrx_word' id='word_1_144' title='bbox 839 1912 1167 1968; x_wconf 83' lang='lat' dir='ltr'><strong>impugnationes</strong></span> <span class='ocrx_word' id='word_1_145' title='bbox 1195 1913 1365 1954; x_wconf 85' lang='lat' dir='ltr'><strong>aliorum</strong></span> <span class='ocrx_word' id='word_1_146' title='bbox 1397 1908 1585 1955; x_wconf 87' lang='lat' dir='ltr'><strong>munien-</strong></span> 
     </span>
     <span class='ocr_line' id='line_1_22' title="bbox 289 1988 1584 2043; baseline 0 -12"><span class='ocrx_word' id='word_1_147' title='bbox 289 1993 378 2038; x_wconf 89' lang='lat' dir='ltr'><strong>dus,</strong></span> <span class='ocrx_word' id='word_1_148' title='bbox 401 1999 454 2038; x_wconf 88' lang='lat' dir='ltr'><strong>et,</strong></span> <span class='ocrx_word' id='word_1_149' title='bbox 482 1989 705 2043; x_wconf 81' lang='lat' dir='ltr'><strong>praesertim</strong></span> <span class='ocrx_word' id='word_1_150' title='bbox 730 1988 769 2028; x_wconf 90' lang='lat' dir='ltr'><strong>in</strong></span> <span class='ocrx_word' id='word_1_151' title='bbox 794 1988 894 2029; x_wconf 87' lang='lat' dir='ltr'><strong>locis</strong></span> <span class='ocrx_word' id='word_1_152' title='bbox 919 1988 1082 2043; x_wconf 83' lang='lat' dir='ltr'><strong>majoris</strong></span> <span class='ocrx_word' id='word_1_153' title='bbox 1103 1988 1315 2036; x_wconf 88' lang='lat' dir='ltr'><strong>momenti,</strong></span> <span class='ocrx_word' id='word_1_154' title='bbox 1340 1988 1394 2029; x_wconf 88' lang='lat' dir='ltr'><strong>ita</strong></span> <span class='ocrx_word' id='word_1_155' title='bbox 1418 1990 1584 2031; x_wconf 75' lang='lat' dir='ltr'><strong>firman—</strong></span> 
     </span>
     <span class='ocr_line' id='line_1_23' title="bbox 289 2063 1583 2120; baseline -0.001 -13"><span class='ocrx_word' id='word_1_156' title='bbox 289 2069 364 2108; x_wconf 91' lang='lat' dir='ltr'><strong>dus</strong></span> <span class='ocrx_word' id='word_1_157' title='bbox 388 2075 462 2117; x_wconf 91' lang='lat' dir='ltr'><strong>est,</strong></span> <span class='ocrx_word' id='word_1_158' title='bbox 486 2074 531 2106; x_wconf 90' lang='lat' dir='ltr'><strong>ut</strong></span> <span class='ocrx_word' id='word_1_159' title='bbox 551 2066 744 2119; x_wconf 82' lang='lat' dir='ltr'><strong>dogmata</strong></span> <span class='ocrx_word' id='word_1_160' title='bbox 769 2063 1015 2118; x_wconf 83' lang='lat' dir='ltr'><strong>theologica,</strong></span> <span class='ocrx_word' id='word_1_161' title='bbox 1043 2063 1308 2104; x_wconf 89' lang='lat' dir='ltr'><strong>conclusione</strong></span> <span class='ocrx_word' id='word_1_162' title='bbox 1330 2064 1583 2120; x_wconf 86' lang='lat' dir='ltr'><strong>inexpugna-</strong></span> 
     </span>
     <span class='ocr_line' id='line_1_24' title="bbox 290 2138 1586 2194; baseline 0.001 -12"><span class='ocrx_word' id='word_1_163' title='bbox 290 2140 362 2182; x_wconf 89' lang='lat' dir='ltr'><strong>bili</strong></span> <span class='ocrx_word' id='word_1_164' title='bbox 395 2139 544 2181; x_wconf 86' lang='lat' dir='ltr'><strong>deduci</strong></span> <span class='ocrx_word' id='word_1_165' title='bbox 568 2139 741 2194; x_wconf 89' lang='lat' dir='ltr'><strong>possint,</strong></span> <span class='ocrx_word' id='word_1_166' title='bbox 778 2141 904 2194; x_wconf 85' lang='lat' dir='ltr'><strong>quod,</strong></span> <span class='ocrx_word' id='word_1_167' title='bbox 933 2139 1038 2180; x_wconf 88' lang='lat' dir='ltr'><strong>sicut</strong></span> <span class='ocrx_word' id='word_1_168' title='bbox 1070 2138 1253 2188; x_wconf 85' lang='lat' dir='ltr'><strong>vidimus,</strong></span> <span class='ocrx_word' id='word_1_169' title='bbox 1289 2139 1373 2180; x_wconf 89' lang='lat' dir='ltr'><strong>sine</strong></span> <span class='ocrx_word' id='word_1_170' title='bbox 1397 2151 1586 2183; x_wconf 86' lang='lat' dir='ltr'><strong>accurata</strong></span> 
     </span>
     <span class='ocr_line' id='line_1_25' title="bbox 290 2214 1586 2273; baseline 0.001 -15"><span class='ocrx_word' id='word_1_171' title='bbox 290 2218 515 2272; x_wconf 86' lang='lat' dir='ltr'><strong>linguarum</strong></span> <span class='ocrx_word' id='word_1_172' title='bbox 561 2215 727 2256; x_wconf 88' lang='lat' dir='ltr'><strong>scientia</strong></span> <span class='ocrx_word' id='word_1_173' title='bbox 765 2215 944 2269; x_wconf 87' lang='lat' dir='ltr'><strong>praestari</strong></span> <span class='ocrx_word' id='word_1_174' title='bbox 987 2214 1143 2270; x_wconf 88' lang='lat' dir='ltr'><strong>nequit.</strong></span> <span class='ocrx_word' id='word_1_175' title='bbox 1214 2215 1403 2256; x_wconf 90' lang='lat' dir='ltr'><strong>Studium</strong></span> <span class='ocrx_word' id='word_1_176' title='bbox 1449 2216 1586 2273; x_wconf 88' lang='lat' dir='ltr'><strong>itaque</strong></span> 
     </span>
     <span class='ocr_line' id='line_1_26' title="bbox 291 2292 1585 2350; baseline -0.001 -13"><span class='ocrx_word' id='word_1_177' title='bbox 291 2295 533 2350; x_wconf 86' lang='lat' dir='ltr'><strong>linguarum,</strong></span> <span class='ocrx_word' id='word_1_178' title='bbox 560 2310 641 2349; x_wconf 91' lang='lat' dir='ltr'><strong>quo</strong></span> <span class='ocrx_word' id='word_1_179' title='bbox 682 2295 856 2350; x_wconf 83' lang='lat' dir='ltr'><strong>majores</strong></span> <span class='ocrx_word' id='word_1_180' title='bbox 892 2293 1029 2342; x_wconf 87' lang='lat' dir='ltr'><strong>nostri,</strong></span> <span class='ocrx_word' id='word_1_181' title='bbox 1068 2292 1152 2333; x_wconf 88' lang='lat' dir='ltr'><strong>sine</strong></span> <span class='ocrx_word' id='word_1_182' title='bbox 1188 2292 1418 2334; x_wconf 87' lang='lat' dir='ltr'><strong>discrimine</strong></span> <span class='ocrx_word' id='word_1_183' title='bbox 1452 2311 1585 2336; x_wconf 89' lang='lat' dir='ltr'><strong>rerum</strong></span> 
     </span>
     <span class='ocr_line' id='line_1_27' title="bbox 293 2370 1588 2426; baseline -0.002 -12"><span class='ocrx_word' id='word_1_184' title='bbox 293 2371 630 2426; x_wconf 88' lang='lat' dir='ltr'><strong>theologicarum,</strong></span> <span class='ocrx_word' id='word_1_185' title='bbox 675 2372 939 2425; x_wconf 87' lang='lat' dir='ltr'><strong>supersedere</strong></span> <span class='ocrx_word' id='word_1_186' title='bbox 985 2378 1183 2424; x_wconf 86' lang='lat' dir='ltr'><strong>poterant,</strong></span> <span class='ocrx_word' id='word_1_187' title='bbox 1227 2386 1249 2409; x_wconf 87' lang='lat' dir='ltr'><strong>a</strong></span> <span class='ocrx_word' id='word_1_188' title='bbox 1293 2370 1409 2411; x_wconf 86' lang='lat' dir='ltr'><strong>nobis</strong></span> <span class='ocrx_word' id='word_1_189' title='bbox 1456 2370 1588 2413; x_wconf 88' lang='lat' dir='ltr'><strong>omitti</strong></span> 
     </span>
     <span class='ocr_line' id='line_1_28' title="bbox 279 2445 1586 2503; baseline -0.001 -15"><span class='ocrx_word' id='word_1_190' title='bbox 279 2449 367 2503; x_wconf 89' lang='lat' dir='ltr'><strong>jam</strong></span> <span class='ocrx_word' id='word_1_191' title='bbox 398 2445 552 2501; x_wconf 86' lang='lat' dir='ltr'><strong>nequit,</strong></span> <span class='ocrx_word' id='word_1_192' title='bbox 588 2445 662 2486; x_wconf 84' lang='lat' dir='ltr'><strong>nisi</strong></span> <span class='ocrx_word' id='word_1_193' title='bbox 697 2445 910 2500; x_wconf 85' lang='lat' dir='ltr'><strong>placuerit,</strong></span> <span class='ocrx_word' id='word_1_194' title='bbox 935 2445 1130 2486; x_wconf 87' lang='lat' dir='ltr'><strong>instruere</strong></span> <span class='ocrx_word' id='word_1_195' title='bbox 1162 2445 1390 2498; x_wconf 86' lang='lat' dir='ltr'><strong>theologos,</strong></span> <span class='ocrx_word' id='word_1_196' title='bbox 1417 2445 1487 2499; x_wconf 90' lang='lat' dir='ltr'><strong>qui</strong></span> <span class='ocrx_word' id='word_1_197' title='bbox 1509 2461 1586 2487; x_wconf 90' lang='lat' dir='ltr'><strong>nec</strong></span> 
     </span>
     <span class='ocr_line' id='line_1_29' title="bbox 296 2519 1583 2569; baseline -0.001 -6"><span class='ocrx_word' id='word_1_198' title='bbox 296 2521 373 2563; x_wconf 87' lang='lat' dir='ltr'><strong>sibi</strong></span> <span class='ocrx_word' id='word_1_199' title='bbox 399 2521 616 2569; x_wconf 88' lang='lat' dir='ltr'><strong>sufficiant,</strong></span> <span class='ocrx_word' id='word_1_200' title='bbox 659 2537 733 2562; x_wconf 86' lang='lat' dir='ltr'><strong>nec</strong></span> <span class='ocrx_word' id='word_1_201' title='bbox 768 2520 961 2562; x_wconf 83' lang='lat' dir='ltr'><strong>Ecclesiae</strong></span> <span class='ocrx_word' id='word_1_202' title='bbox 991 2530 1138 2562; x_wconf 83' lang='lat' dir='ltr'><strong>nostrae</strong></span> <span class='ocrx_word' id='word_1_203' title='bbox 1176 2519 1303 2560; x_wconf 79' lang='lat' dir='ltr'><strong>aetatis</strong></span> <span class='ocrx_word' id='word_1_204' title='bbox 1338 2521 1583 2562; x_wconf 89' lang='lat' dir='ltr'><strong>conducant.</strong></span> 
     </span>
     <span class='ocr_line' id='line_1_30' title="bbox 297 2593 1585 2650; baseline 0 -15"><span class='ocrx_word' id='word_1_205' title='bbox 297 2594 394 2635; x_wconf 90' lang='lat' dir='ltr'><strong>Non</strong></span> <span class='ocrx_word' id='word_1_206' title='bbox 419 2603 479 2635; x_wconf 87' lang='lat' dir='ltr'><strong>est</strong></span> <span class='ocrx_word' id='word_1_207' title='bbox 503 2610 599 2649; x_wconf 85' lang='lat' dir='ltr'><strong>ergo</strong></span> <span class='ocrx_word' id='word_1_208' title='bbox 625 2596 910 2649; x_wconf 85' lang='lat' dir='ltr'><strong>spectandum,</strong></span> <span class='ocrx_word' id='word_1_209' title='bbox 947 2595 1031 2650; x_wconf 86' lang='lat' dir='ltr'><strong>qui,</strong></span> <span class='ocrx_word' id='word_1_210' title='bbox 1059 2605 1127 2634; x_wconf 87' lang='lat' dir='ltr'><strong>aut</strong></span> <span class='ocrx_word' id='word_1_211' title='bbox 1166 2593 1477 2649; x_wconf 83' lang='lat' dir='ltr'><strong>qualesfuerint</strong></span> <span class='ocrx_word' id='word_1_212' title='bbox 1499 2611 1585 2636; x_wconf 89' lang='lat' dir='ltr'><strong>ma-</strong></span> 
     </span>
    </p>
   </div>
   <div class='ocr_carea' id='block_1_3' title="bbox 288 2669 1586 2726">
    <p class='ocr_par' dir='ltr' id='par_1_3' title="bbox 288 2669 1586 2726">
     <span class='ocr_line' id='line_1_31' title="bbox 288 2669 1586 2726; baseline 0 -15"><span class='ocrx_word' id='word_1_213' title='bbox 288 2673 402 2726; x_wconf 84' lang='lat' dir='ltr'><strong>jores</strong></span> <span class='ocrx_word' id='word_1_214' title='bbox 439 2669 580 2719; x_wconf 82' lang='lat' dir='ltr'><strong>nostri,</strong></span> <span class='ocrx_word' id='word_1_215' title='bbox 619 2672 688 2711; x_wconf 88' lang='lat' dir='ltr'><strong>sed</strong></span> <span class='ocrx_word' id='word_1_216' title='bbox 730 2670 1023 2725; x_wconf 84' lang='lat' dir='ltr'><strong>providendum</strong></span> <span class='ocrx_word' id='word_1_217' title='bbox 1067 2670 1219 2724; x_wconf 77' lang='lat' dir='ltr'><strong>potius,</strong></span> <span class='ocrx_word' id='word_1_218' title='bbox 1262 2679 1300 2709; x_wconf 90' lang='lat' dir='ltr'><strong>et</strong></span> <span class='ocrx_word' id='word_1_219' title='bbox 1341 2670 1586 2719; x_wconf 84' lang='lat' dir='ltr'><strong>enitendum,</strong></span> 
     </span>
    </p>
   </div>
  </div>
 </body>
</html>
