1915 3293
982 377 1044 425 84

384 497 472 542 The
516 500 766 544 Adventures
806 503 854 543 of
887 501 1010 543 Aboo
1051 502 1160 555 Zyde
1200 503 1247 542 of
1277 502 1420 557 Surooj
1462 499 1503 541 in
1534 500 1640 555 Fifty

450 577 617 629 Stories,
647 578 690 631 (i.
711 595 750 619 e.
776 578 842 619 the
877 577 1103 620 Consessus
1134 579 1182 619 of
1211 576 1363 622 Hariri)
1397 576 1642 633 comprising

447 668 497 693 an
519 652 669 695 Arabio
699 655 776 695 and
810 654 973 696 Persian
1000 652 1238 708 Dictionary
1260 654 1308 694 of
1337 653 1388 693 all
1418 654 1483 695 the
1519 663 1640 695 terms

445 729 656 772 contained
680 730 721 772 in
754 732 837 773 that
872 731 1098 774 celebrated
1133 734 1260 773 work.
1301 728 1507 785 Calanta,
1537 736 1642 778 1809

1500 814 1634 849 —l4.

379 893 461 936 Les
505 911 669 937 seances
712 897 761 937 de
797 896 947 949 Hariri,
979 896 1164 952 publiees
1199 912 1250 937 en
1293 895 1429 937 Arabe
1464 911 1559 937 avec
1588 912 1640 937 un

442 968 741 1013 Commentaire
764 970 919 1022 Choisi,
945 987 1018 1027 par
1032 970 1094 1013 Le
1109 971 1243 1013 Baron
1265 969 1454 1012 Silvestre
1469 972 1518 1011 de
1540 970 1641 1023 Sacy

1343 1045 1486 1097 Paris,
1517 1050 1637 1086 1821.

499 1135 840 1192 (Splendidissimi
863 1135 981 1191 hujus
1006 1133 1139 1190 operis
1162 1150 1254 1190 pars
1278 1136 1400 1175 altera
1424 1135 1498 1174 sub
1519 1134 1637 1190 hujus

562 1212 654 1254 anni
688 1213 826 1263 finem,
866 1221 934 1253 aut
969 1212 1132 1252 demum
1164 1211 1350 1267 proximo
1384 1210 1561 1260 ineunte,
1599 1210 1638 1252 in

560 1288 692 1331 lucem
718 1288 925 1345 prodibit.)

370 1375 530 1418 Antarae
548 1377 703 1418 Po'e·ma
717 1376 938 1418 Arabicum
960 1375 1196 1418 Moallakah
1221 1391 1315 1416 cum
1339 1374 1500 1430 integris
1523 1375 1634 1416 Zou-

430 1452 532 1493 zenii
570 1452 747 1494 scholiis.
801 1451 924 1493 edidit
968 1451 1204 1493 Vincentius
1252 1450 1360 1492 Elias
1402 1451 1551 1503 Menil,
1593 1460 1633 1493 et

429 1526 726 1568 observationes
769 1524 977 1582 subjunxit
1019 1523 1199 1567 Joannes
1233 1524 1428 1566 Willmet.
1499 1523 1633 1582 Lugd.

1383 1601 1483 1644 Bat.
1510 1603 1629 1645 1816.

362 1690 560 1734 Meidanii
620 1689 930 1733 Proverbiorum
975 1690 1258 1733 Arabicorum.
1308 1691 1423 1733 Pars.
1485 1691 1630 1733 Latine

422 1768 538 1810 vertit
579 1777 620 1810 et
660 1767 762 1809 notis
798 1766 1008 1808 illustravit
1031 1766 1236 1809 Henricus
1262 1767 1456 1810 Albertus
1480 1767 1628 1810 Schul-

423 1853 524 1886 tens.
582 1873 1156 1885 .............
1214 1843 1353 1901 Lugd.
1375 1843 1476 1887 Bat.
1505 1851 1623 1891 1785.

361 1930 475 1973 Caab
522 1931 612 1972 Ben
655 1930 801 1973 Zoheir
845 1946 1005 1973 carmen
1042 1932 1339 1988 Panegyricum
1381 1933 1421 1975 in
1466 1935 1622 1976 laudem

421 2007 746 2049 Mohammedis.
815 2007 920 2049 Item
969 2007 1210 2049 Amralkeisi
1254 2009 1494 2052 Moallakah
1531 2025 1622 2051 cum

417 2084 594 2135 scholiis,
620 2087 696 2128 &c.
753 2084 906 2136 Edidit,
941 2085 1071 2138 vertit,
1097 2095 1136 2128 et
1158 2086 1261 2129 notis
1285 2087 1493 2130 illustravit
1513 2087 1622 2129 Ger-

418 2163 564 2205 hardus
588 2162 795 2206 Johannes
821 2163 958 2206 Lette.
1011 2197 1019 2205 .
1061 2195 1070 2205 .
1111 2197 1120 2205 .
1155 2197 1165 2207 .
1202 2164 1339 2224 Lugd.
1368 2166 1469 2208 Bat.
1501 2171 1618 2211 1748.

356 2251 582 2307 Tharaphae
604 2253 840 2295 Moallakah
885 2268 978 2295 cum
1023 2252 1196 2296 Scholiis
1236 2254 1390 2297 Nahas.
1446 2254 1619 2297 Arabice

419 2328 554 2382 edidit,
573 2330 701 2380 vertit,
727 2330 932 2372 illustravit
949 2328 1098 2374 Joann.
1117 2330 1267 2375 Jacob.
1290 2333 1454 2375 Reiske.
1481 2331 1615 2389 Lugd.

1360 2408 1460 2451 Bat.
1492 2415 1611 2454 1742.

354 2493 528 2537 Harethi
546 2495 782 2538 Moallakah
806 2512 899 2538 cum
922 2497 1094 2541 Scholiis
1109 2498 1312 2550 Zouzenii,
1328 2497 1502 2540 Arabice
1528 2498 1612 2539 edi-

418 2573 488 2626 dit,
540 2575 667 2627 vertit,
720 2584 759 2616 et
804 2574 1023 2630 illustravit,
1070 2576 1293 2631 Wyndham
1341 2575 1609 2628 Knatchbull,

1297 2651 1459 2706 Oxom‘e‘,
1487 2660 1607 2697 1820.
