1915 3293
933 347 998 394 60

344 477 413 519 De
435 475 661 518 defectibus
682 472 882 515 hodiernis
906 473 1026 530 Ling.
1054 474 1166 516 Heb.
1192 475 1350 516 Schult.
1390 506 1397 514 .
1437 473 1606 531 Fraan.

1485 555 1605 595 1731.

342 646 362 667 ἕ
379 641 518 696 Opera
542 640 697 682 minora
721 639 879 682 Schult.
919 671 927 679 .
978 638 1116 695 Lugd.
1142 637 1242 679 Bat.
1268 645 1305 679 et
1331 638 1449 681 Leov.
1487 638 1608 685 1769.

343 741 687 784 Dissertationum
720 741 899 796 Sylloge.
927 739 1086 782 Schult.
1119 750 1159 781 et
1188 738 1443 780 Schroederi.
1478 737 1612 780 Leidae

1179 823 1217 857 et
1244 814 1364 857 Leov.
1399 820 1611 861 1772—5.

343 916 658 958 Dissertationes
697 913 1191 970 Philologico-exegeticae
1235 912 1426 955 Everardi
1471 911 1614 953 Schei-

408 991 462 1033 dii
486 1008 579 1034 ann.
607 993 714 1038 1769
748 1000 788 1032 et
817 997 936 1036 1770.
982 989 1268 1038 Harderovz'cz',
1297 989 1404 1036 1769
1428 998 1467 1029 et
1494 993 1614 1033 1770.

344 1088 587 1131 Dissertatio
609 1087 850 1143 inauguralis
883 1086 1074 1130 Everardi
1097 1086 1275 1128 Scheidii
1300 1085 1437 1143 Lugd.
1464 1084 1619 1126 Batav.

1496 1159 1620 1204 1765.

345 1251 658 1293 Observationes
692 1251 851 1293 selectae
887 1251 937 1290 ad
974 1248 1146 1304 origines
1177 1248 1393 1290 Hebraeos.
1440 1247 1622 1289 Auctore

413 1327 552 1369 Nicol.
580 1327 694 1369 GuiL
722 1327 986 1369 Schroedero.
1014 1358 1023 1367 .
1052 1358 1060 1365 .
1099 1358 1108 1366 .
1147 1358 1155 1365 .
1195 1358 1203 1366 .
1243 1358 1252 1366 .
1290 1358 1299 1366 .
1338 1324 1468 1367 Gron.
1497 1325 1618 1370 1762.

347 1425 468 1467 Lette
492 1425 873 1467 Animadversiones
898 1426 948 1466 ad
974 1433 1071 1466 text.
1098 1424 1190 1465 Vet.
1211 1424 1324 1466 Test.
1349 1423 1506 1465 accedit
1529 1422 1623 1463 De-

414 1504 522 1542 borae
547 1501 781 1542 Canticum.
829 1530 1088 1542 ......
1139 1499 1276 1556 Lugd.
1303 1498 1456 1540 Batav.
1499 1504 1620 1545 1759,

350 1599 518 1640 Emonis
571 1598 692 1641 Lucii
736 1600 950 1642 Uriemoet
1001 1599 1299 1642 observationes
1344 1600 1624 1643 Miscellaneae

417 1675 624 1730 Philolog.
656 1685 695 1717 et
717 1675 905 1731 Theolog
910 1706 1118 1717 .....
1156 1676 1291 1733 Lugd.
1316 1677 1470 1718 Batav.
1500 1679 1620 1723 1756.

551 1763 676 1805 Dicta
689 1763 858 1805 classica
871 1764 966 1805 Vet.
984 1763 1102 1805 Test.
1119 1763 1397 1822 Franequerae,
1412 1771 1625 1812 1743—7.

354 1851 669 1894 Dissertationes
693 1852 1140 1907 Philologico-criticae.
1212 1853 1467 1902 Sclztzurrerz',
1505 1859 1625 1901 1790.

352 1952 422 2018 Jo.
447 1953 654 1994 Abraham
678 1951 918 2007 Kromayer,
942 1954 992 1993 de
1017 1968 1092 1994 usu
1116 1952 1239 2008 Ling.
1263 1953 1391 1993 Arab.
1448 1952 1626 1994 Franco-

1150 2029 1271 2087 furtc'
1300 2036 1338 2070 et
1363 2028 1476 2085 Lz'ps.
1505 2035 1626 2075 1707.

355 2116 589 2172 Hottingeri
612 2116 805 2172 Smegma
829 2116 1049 2159 Orientale.
1087 2148 1098 2157 .
1138 2150 1146 2158 .
1184 2116 1477 2176 Heidelbergae,
1508 2119 1628 2161 1653.

358 2215 588 2271 Explicatio
629 2214 934 2258 Idiotismorum
1001 2214 1123 2271 Ling.
1171 2215 1283 2258 Heb.
1346 2216 1386 2257 in
1432 2226 1627 2271 apparatu

422 2291 584 2334 Biblico
607 2291 702 2334 Pol.
731 2292 864 2335 Lond.
898 2292 1120 2349 praemisso‚

357 2393 427 2436 De
468 2393 718 2449 Linguarum
760 2403 915 2447 natura,
959 2394 1126 2450 origine,
1172 2396 1249 2436 &c.
1318 2394 1550 2449 Prolegom.
1592 2395 1628 2436 I.

422 2471 517 2513 Pol.
543 2471 676 2514 Lond.

361 2568 430 2610 De
469 2569 636 2625 Linguae
672 2568 784 2613 Heb.
824 2570 1070 2627 antiquitate,
1105 2572 1180 2614 &a
1225 2570 1387 2626 Proleg.
1411 2571 1496 2614 ΙΙΙ.
1539 2572 1629 2614 Pol.

428 2645 562 2688 Lond.
