1915 3293
952 360 1014 406 52

349 488 488 534 putare
512 493 689 538 possent.
745 485 881 541 Atque
919 486 979 527 his
1018 486 1196 542 quidem,
1234 496 1278 528 ut
1311 486 1408 528 mihi
1442 486 1608 534 videtur,

349 556 468 599 facile
501 561 779 614 persuaserim,
819 563 921 603 hanc
956 572 1023 603 aut
1056 561 1224 603 similem
1258 564 1491 604 methodum
1523 578 1611 603 esse

351 635 490 683 solam,
524 653 645 693 quam
666 639 765 680 ratio
799 648 838 680 et
860 638 1107 693 experientia
1131 641 1371 693 comprobat
1393 656 1479 680 esse
1503 638 1612 693 opti·

348 724 484 763 mam3
552 712 615 754 vix
639 723 769 756 tamen
794 717 962 756 deerunt
992 714 1173 771 quipiam
1197 713 1275 762 alii,
1301 714 1369 769 qui
1391 715 1609 771 antiquam,

348 794 392 826 ut
427 798 585 838 vocant,
625 790 963 844 grammaticalem
999 791 1248 841 methodum,
1287 798 1348 830 tot
1385 793 1610 832 seculorum

348 877 425 903 usu
448 865 668 917 suffultam,
687 868 864 918 laudent,
881 876 921 908 et
944 882 1009 908 me
1032 882 1162 908 rerum
1187 881 1379 907 novarum
1403 877 1611 908 accusent.

349 937 519 979 Possem
547 940 707 995 quidem
747 957 872 996 nugas
897 941 1120 990 hominum,
1156 941 1224 997 qui
1261 940 1435 982 studium
1458 940 1613 995 lingua-

347 1030 435 1056 rum
459 1033 664 1073 nunquam
701 1018 896 1060 curiosius
931 1020 1094 1061 scrutati
1130 1028 1235 1067 sunt,
1270 1034 1362 1060 meo
1388 1019 1481 1073 jure
1515 1034 1615 1060 con-

347 1100 541 1143 temnere,
572 1110 622 1136 ne
660 1105 793 1137 tamen
833 1095 1012 1151 quipiam
1040 1095 1142 1137 forte
1178 1095 1392 1142 discentes,
1428 1093 1614 1136 inanibus

344 1169 475 1211 verbis
498 1181 748 1220 moveantur,
774 1172 914 1226 paucis
941 1174 1198 1229 respondeO,
1219 1171 1472 1212 novationem
1495 1172 1613 1226 hujus

342 1246 498 1299 generis
523 1263 777 1304 nequaquam
801 1264 887 1290 esse
913 1249 1080 1300 crimen,
1117 1250 1187 1290 sed
1211 1247 1250 1289 in
1275 1247 1441 1303 gloriam
1468 1249 1613 1289 autho-

344 1321 396 1362 ris
418 1325 576 1373 cedere,
603 1340 723 1380 quam
748 1341 841 1366 vero
875 1325 972 1366 mihi
1005 1324 1210 1380 praeripuit
1234 1323 1402 1364 Clariss.
1426 1323 1524 1365 Joh.
1552 1324 1611 1365 D.

344 1398 581 1453 Michaelis,
605 1400 778 1459 quijam
808 1402 941 1447 1766*
976 1400 1120 1442 similia
1155 1400 1328 1456 scripsit,
1354 1415 1442 1456 quae
1467 1400 1611 1442 abhinc

343 1491 472 1531 usque
504 1479 554 1517 ad
589 1486 724 1519 nostra
758 1487 954 1532 tempora,
989 1480 1040 1518 ab
1078 1476 1267 1517 omnibus
1302 1475 1613 1530 intelligentibus

345 1554 516 1606 probata
549 1562 652 1595 sunt.
723 1553 772 1594 In
809 1554 927 1609 hujus
974 1552 1030 1593 rei
1074 1551 1350 1593 testimonium
1395 1567 1612 1606 excerpam

344 1630 542 1685 quaepiam
569 1647 618 1672 ex
641 1630 918 1674 recentissimo
940 1630 1058 1678 libro,
1080 1645 1201 1685 quem
1226 1629 1324 1671 Joh.
1353 1628 1465 1670 Dan.
1493 1628 1611 1670 Hen-

343 1706 402 1748 sel
433 1711 536 1754 1807
562 1707 714 1762 Lipsiae
739 1707 862 1749 edidit
893 1706 1131 1760 inscriptum
1156 1705 1405 1762 Allgemeine
1434 1704 1614 1760 Spraclz-

345 1783 462 1835 lehre,
488 1783 557 1824 ubi
575 1783 615 1824 in
635 1785 788 1838 praefat.
814 1800 858 1839 p.
875 1781 1145 1823 xxiii—xxix.
1177 1781 1231 1822 ita
1254 1781 1415 1822 scribit:

410 1862 437 1878 “
464 1859 538 1901 Ich
563 1862 693 1901 kenne
726 1876 801 1901 nur
824 1859 912 1901 eine
940 1858 1092 1913 einzige
1118 1857 1321 1898 Methode
1346 1860 1464 1911 beym
1488 1858 1616 1913 Spra·

346 1937 374 1953 “
398 1935 760 1984 chenunterrichte,
785 1934 849 1976 die
872 1933 1056 1990 (publice
1092 1935 1175 1974 und
1209 1932 1409 1988 privatim)
1437 1933 1615 1976 wirklich

348 2013 376 2029 “
402 2011 539 2053 Probe
576 2012 677 2060 halt,
720 2013 801 2052 und
839 2012 908 2052 der
949 2010 1028 2062 ich,
1070 2009 1180 2050 nicht
1224 2026 1293 2050 aus
1333 2009 1471 2065 irgend
1510 2011 1617 2053 einer

347 2091 376 2107 “
398 2089 604 2141 Vorliebe,
628 2091 799 2130 sondern
835 2105 905 2130 aus
944 2087 1257 2142 Uiberzeugung
1278 2103 1356 2129 von
1377 2088 1489 2130 ihren
1510 2089 1615 2130 Vor-

348 2169 377 2185 “
401 2171 530 2222 ziigen
563 2168 689 2209 durch
717 2167 955 2222 Erfahrung,
990 2168 1187 2222 zugethan
1221 2167 1305 2208 bin.
1376 2167 1480 2209 Man
1508 2170 1616 2211 lehre

349 2243 380 2262 “
403 2243 466 2285 die
512 2243 683 2285 Schiiler
729 2243 889 2285 erstlich
930 2242 992 2284 die
1037 2243 1219 2298 Sprache
1267 2259 1430 2299 grossen
1471 2244 1613 2287 Theils

348 2319 379 2338 “
397 2321 620 2372 verstehen,
654 2320 788 2361 indem
813 2336 927 2361 man.
950 2349 961 2361 .
980 2349 991 2361 .
1014 2335 1118 2361 .was
1156 2337 1203 2361 zu
1235 2320 1379 2375 biegen
1413 2320 1494 2373 ist,=
1511 2324 1613 2364 nach

349 2395 379 2416 “
400 2398 469 2439 der
512 2397 644 2452 Regel
681 2397 825 2452 biegen
860 2396 1001 2446 lehret,
1043 2395 1108 2438 die
1141 2396 1613 2453 Unregelmiissigkeiten

675 2541 767 2554 emo
771 2542 864 2554 0-0οΝ
869 2542 880 2552 a
885 2542 1262 2555 Neomaeeeeeo‘eee
1266 2544 1282 2554 ι

410 2642 430 2655 ’
460 2634 495 2671 J.
517 2634 565 2670 D.
593 2633 788 2671 Michaelis
818 2634 1049 2672 Vermischte
1082 2633 1260 2671 Schriften
1284 2632 1396 2677 1766.
1430 2635 1459 2672 1.
1474 2635 1547 2673 Th.
1569 2636 1607 2674 S.

356 2700 491 2734 1—52.
