1915 3293
866 377 894 423 ‘2
902 379 928 422 Γ)

257 521 361 557 rum,
389 507 459 563 qui
493 505 774 560 requiruntur,
805 503 998 559 prosequi
1034 515 1156 557 posse,
1197 513 1311 554 mque
1347 496 1543 551 contingit

254 582 294 622 iu
332 580 468 622 multis
503 579 589 620 aliis
628 578 824 629 scientiis,
861 587 900 618 et
932 577 1036 618 sicut
1070 576 1110 616 in
1146 574 1220 623 his,
1259 573 1312 614 ita
1347 571 1467 613 etiam
1504 570 1542 611 in

254 656 385 698 studio
431 656 674 710 linguarum,
722 664 782 695 cst
829 654 951 707 culpa
998 649 1260 699 discentium,
1307 647 1388 704 qui,
1433 647 1544 702 quod

254 731 452 772 devoratis
489 732 628 786 primis
653 730 962 772 difficultatibus
993 727 1167 769 assecuti
1197 735 1304 773 sunt,
1337 723 1547 779 negligen-

256 807 310 848 tia
335 810 504 863 perdere
532 808 700 858 malunt,
728 823 849 862 quam
875 805 1053 846 ulteriori
1081 802 1318 845 tractatione
1342 801 1546 845 excolere,

256 883 296 924 in
321 900 405 924 rem
427 901 539 925 suam
565 892 733 931 vertere,
753 892 793 923 et
817 885 993 923 fructum
1020 881 1250 936 percipere.
1311 877 1358 918 ld
1384 875 1549 932 quidem

255 957 546 1013 indulgendum
582 968 642 1000 est
678 959 718 999 in
754 958 829 999 illis
870 957 1061 1004 scientiis,
1100 955 1139 997 in
1178 955 1325 1011 quibus
1354 954 1550 1009 juventus

256 1046 480 1083 exercetur,
507 1053 589 1077 non
615 1046 657 1077 ut
682 1035 720 1076 in
759 1035 857 1090 ipsis
881 1036 1042 1083 haereat,
1081 1036 1152 1074 sed
1179 1041 1222 1073 ut
1246 1048 1318 1086 per
1350 1046 1417 1071 eas
1441 1037 1549 1070 tran—

256 1120 356 1159 seat,
381 1127 454 1166 per
488 1128 556 1153 eas
593 1113 818 1158 excolatur,
856 1120 895 1152 et
921 1113 971 1151 ad
1007 1109 1146 1151 altiora
1180 1114 1450 1163 praeparetur3
1493 1112 1554 1146 ast

256 1185 296 1226 in
323 1187 457 1228 studio
482 1187 726 1241 linguarum,
752 1186 899 1242 quibus
926 1187 1139 1239 theologus
1167 1199 1240 1238 per
1263 1198 1426 1223 omnem
1457 1190 1553 1222 aeta-

257 1271 355 1313 tem,
379 1265 429 1303 ad
459 1263 721 1317 intelligenda
751 1262 955 1316 religionis
992 1263 1255 1306 documenta,
1293 1257 1461 1312 indiget,
1488 1256 1552 1296 vix

257 1339 442 1380 excusari
477 1347 627 1393 potest,
663 1337 846 1392 inprimis
887 1352 980 1378 cum
1016 1337 1202 1377 defectus
1237 1334 1434 1374 librorum
1470 1333 1554 1372 fere

256 1431 336 1457 non
363 1416 415 1458 sit
439 1415 515 1457 nisi
540 1425 774 1471 praetextus‚
814 1432 896 1471 quo
923 1415 1078 1456 celatur
1107 1411 1296 1467 segnities
1320 1420 1361 1452 et
1384 1408 1553 1459 incuria,

259 1493 315 1534 uti
340 1502 512 1548 apparet
546 1494 585 1533 in
622 1493 728 1544 illis,
754 1493 902 1547 quibus
937 1491 1029 1532 libri
1063 1490 1229 1531 minime
1260 1491 1421 1537 desunt,
1458 1503 1553 1529 cum

260 1585 282 1609 e
307 1569 509 1610 contrario
534 1569 625 1619 illis,
650 1568 799 1623 quibus
819 1567 1003 1608 voluntas
1028 1552 1090 1607 est
1110 1567 1226 1617 seria,
1249 1565 1376 1607 libros
1398 1579 1553 1619 nequa-

262 1660 384 1700 quam
424 1647 565 1685 deesse
606 1644 805 1685 videmus.
865 1643 1055 1683 Fortasse
1093 1641 1214 1682 etiam
1251 1641 1291 1681 in
1328 1641 1432 1680 hanc
1470 1654 1554 1679 rem

262 1735 343 1761 non
367 1719 506 1775 inepte
545 1718 749 1760 transferri
785 1726 957 1773 possunt
995 1720 1116 1758 verba
1141 1716 1390 1762 Ciceronis†
1426 1718 1453 1733 “
1474 1732 1557 1771 quo

263 1799 291 1814 “
318 1796 450 1837 minus
486 1795 606 1851 igitur
639 1794 804 1836 honoris
848 1803 932 1835 erat
959 1793 1106 1848 poetis,
1148 1808 1197 1833 eo
1236 1791 1392 1832 minora
1428 1790 1560 1832 studia

266 1875 293 1890 “
319 1873 495 1913 fuerunt.
557 1871 650 1912 Nec
692 1879 843 1918 tamen,
882 1870 914 1911 si
949 1869 1019 1925 qui
1056 1867 1211 1923 magnis
1247 1866 1418 1921 ingeniis
1447 1866 1488 1906 in
1512 1882 1562 1930 eo

269 1950 297 1965 C(

322 1963 472 2002 genere
511 1946 766 1997 exstiterunt,
807 1961 887 1986 non
923 1944 1017 1986 satis
1055 1944 1298 1985 Graecorum
1334 1941 1471 1996 gloriae
1497 1957 1561 1982 re-

267 2027 296 2042 “
324 2026 589 2078 sponderunt.
662 2022 729 2063 An
774 2038 1004 2073 censemus,
1045 2021 1076 2063 si
1117 2020 1264 2070 Fabio,
1307 2017 1560 2060 nobilissimo

266 2103 294 2118 “
321 2099 489 2148 homini,
516 2098 626 2141 laudi
649 2100 790 2140 datum
815 2107 935 2147 esset,
974 2099 1084 2153 quod
1114 2096 1313 2152 pingeret,
1338 2110 1420 2136 non
1452 2094 1561 2135 mul-

269 2180 296 2194 “
323 2185 386 2218 tos
410 2176 531 2218 etiam
564 2177 673 2231 apud
697 2191 771 2217 nos
804 2177 960 2216 futuros
992 2172 1232 2227 Polycletos
1258 2179 1297 2212 et
1324 2170 1561 2212 Parrhasios

268 2256 295 2270 “
319 2252 467 2294 fuisse?
524 2252 673 2293 Honos
699 2251 767 2292 alit
801 2260 920 2299 artes,
959 2265 1185 2305 omnesque
1216 2248 1485 2289 incenduntur
1509 2249 1559 2287 ad

269 2333 296 2352 “
321 2333 452 2374 studia
474 2332 622 2388 gloria;
661 2333 886 2386 jacentque
910 2346 957 2371 ea
980 2345 1156 2385 semper,
1185 2342 1274 2383 quae
1301 2327 1411 2380 apud
1437 2341 1560 2380 quos-

273 2409 302 2427 “
328 2425 406 2463 que
430 2409 824 2464 improbantur.'’—-

612 2552 1230 2565 aeaeaeaeaeaeaeaeaeaeaeaeaeaeaeaeaeaeaeaeaeaeaeaeaeaeaeaeaeaeaeae

331 2643 352 2680 †
382 2641 513 2677 Cicero
547 2641 656 2677 Tusc.
687 2642 833 2685 Quaest.
864 2639 905 2676 L.
924 2639 951 2675 I.
982 2643 1071 2675 n.‘2.
1100 2638 1145 2674 T.
1166 2637 1234 2673 lv.
1268 2639 1410 2684 p.QSO.
1442 2635 1550 2673 Conf.

285 2705 396 2741 Tusc.
419 2705 562 2748 Quaest.
587 2704 629 2741 L.
648 2704 697 2741 V.
729 2717 762 2740 n.
780 2701 841 2740 36.
866 2700 921 2737 vel
948 2707 1032 2740 105.
1066 2716 1099 2750 p.
1122 2699 1210 2737 462⁷.
1240 2700 1285 2738 T.
1308 2699 1375 2735 lv.

910 2770 937 2809 tl
