1915 3293
952 368 1013 414 50

352 495 537 537 maticam
573 496 767 551 integram
805 494 1070 535 necessariam
1099 507 1205 543 esse,
1239 502 1283 534 ut
1318 492 1404 549 quis
1437 491 1613 547 linguam

353 582 491 615 exacte
514 572 681 623 calleat3
724 571 765 612 id
789 570 920 611 solum
943 585 1049 625 nego
1072 578 1113 610 et
1136 585 1327 624 pernego,
1349 569 1615 611 necessariam

355 665 442 690 esse
480 648 612 696 tironi,
651 648 733 704 qui,
767 647 798 687 si
834 645 1056 687 rudimenta
1092 644 1294 699 generalia
1317 654 1436 696 tenet,
1465 645 1617 702 reliqua

353 726 481 767 multo
517 724 673 766 facilius
709 739 781 779 per
805 738 920 764 usum
955 720 1089 773 discit,
1119 729 1158 762 et
1191 719 1378 776 denique,
1414 738 1507 763 cum
1527 723 1615 779 jam

352 803 528 858 linguam
553 801 645 844 satis
674 799 873 856 intelligit,
906 797 1128 854 complebit
1161 806 1203 838 et
1234 796 1431 858 perficiet,
1464 798 1497 839 si
1529 807 1616 840 tum

355 882 547 935 integram
582 879 899 922 Grammaticam
929 876 1082 931 legerit.
1153 875 1299 917 Manet
1328 874 1477 930 itaque,
1509 879 1618 931 quod

354 954 505 995 dictum
538 963 610 1005 est,
638 953 678 993 in
711 951 903 993 docendis
933 960 973 992 et
1003 949 1202 992 discendis
1233 948 1378 1004 linguis
1409 964 1495 989 rem
1532 965 1621 991 om-

354 1028 463 1069 nium
505 1027 719 1069 maximam
763 1042 851 1068 esse
890 1024 1122 1067 continuam
1159 1034 1199 1066 et
1231 1023 1460 1080 expeditam
1499 1024 1623 1066 inter-

355 1104 636 1159 pretationem,
683 1103 720 1144 in
769 1119 849 1159 qua
896 1118 1026 1151 voces,
1066 1117 1279 1157 progressu
1323 1102 1623 1157 impraepedito,

356 1197 515 1237 semper
538 1181 672 1236 plures
705 1190 1018 1235 cognoscuntur,
1056 1189 1176 1234 atque
1212 1178 1253 1219 in
1275 1178 1438 1220 diversis
1461 1195 1623 1235 quoque

354 1258 607 1306 flexionibus,
633 1261 707 1299 sub
731 1257 893 1298 diversis
928 1255 1305 1311 significationibus,
1342 1264 1382 1297 et
1404 1255 1445 1296 in
1471 1255 1626 1298 diversa

353 1342 519 1391 vuisoque
554 1333 708 1388 syntaxi
741 1342 964 1384 recurrunt,
997 1342 1036 1374 et
1070 1332 1144 1374 hac
1179 1332 1343 1382 ratione,
1377 1347 1458 1373 non
1491 1332 1624 1374 solum

356 1429 454 1468 ,psae
479 1412 673 1453 memoria
696 1411 811 1453 altius
833 1420 1098 1465 reponuntur,
1125 1412 1194 1451 sed
1227 1409 1346 1451 etiam
1371 1409 1552 1465 analogia
1585 1418 1626 1450 et

361 1491 513 1532 indoles
536 1490 684 1544 linguae
708 1489 835 1543 magis
861 1488 1069 1543 magisque
1094 1487 1354 1543 perspicitur.

423 1565 475 1604 V.
514 1563 606 1604 Hac
640 1562 814 1603 docendi
848 1563 1054 1613 methodo,
1093 1571 1161 1602 aut
1185 1561 1302 1602 simili
1332 1564 1483 1617 (neque
1521 1560 1628 1602 enim

359 1658 523 1698 prorsus
556 1640 702 1692 omnia,
743 1656 830 1695 quae
866 1639 963 1688 dixi,
1000 1650 1140 1694 putem
1171 1655 1257 1680 esse
1290 1641 1437 1692 legem,
1472 1639 1513 1680 in
1549 1655 1630 1694 qua

358 1718 452 1760 nihil
491 1716 708 1767 emendari,
733 1717 782 1756 de
808 1731 887 1769 qua
918 1714 1016 1755 nihil
1055 1713 1176 1761 demi,
1213 1723 1281 1754 aut
1316 1713 1382 1754 cui
1417 1713 1512 1754 nihil
1537 1713 1628 1753 addi

362 1793 505 1850 possit)
529 1792 647 1833 simili
670 1791 818 1846 itaque,
841 1789 1019 1845 inquam,
1044 1790 1249 1837 methodo,
1275 1788 1474 1830 discentes
1497 1789 1629 1844 spatio

360 1872 514 1927 aliquot
537 1869 735 1911 mensium
772 1884 818 1908 eo
852 1867 1032 1922 provecti
1067 1876 1197 1916 erunt,
1221 1876 1264 1907 ut
1298 1865 1376 1920 ipsi
1406 1865 1507 1907 vires
1541 1882 1632 1908 suas

361 1947 547 2003 experiri,
582 1955 622 1986 et
653 1945 870 2000 quaepiam,
897 1954 1108 1999 antequam
1141 1941 1341 1997 explicata
1374 1942 1534 1994 fuerint,
1570 1941 1632 1983 in-

362 2023 569 2080 terpretari
594 2032 633 2064 et
652 2031 802 2063 vertere
824 2021 993 2075 possint,
1012 2036 1093 2076 quo
1113 2019 1303 2060 exercitio
1322 2018 1479 2060 discent
1499 2019 1631 2060 lexico

360 2102 432 2152 uti,
481 2109 601 2155 atque
639 2099 759 2139 etiam
796 2097 1071 2138 difficultatem
1124 2104 1318 2136 accuratae
1359 2093 1563 2146 versionis,
1599 2094 1633 2135 si

363 2178 486 2218 modo
511 2175 774 2228 archetypum
801 2174 849 2213 ad
885 2171 1076 2214 amussim
1112 2171 1336 2226 exprimere
1371 2172 1632 2221 contendunt,

365 2253 552 2305 sentient,
578 2261 618 2292 et
650 2266 754 2301 eam,
786 2249 880 2305 quia
911 2248 1053 2289 seriem
1089 2247 1278 2289 orationis
1312 2246 1499 2289 attentius
1534 2263 1634 2288 con-

364 2336 464 2375 ferre
489 2340 697 2386 cogentur,
726 2345 913 2384 superare
938 2337 1187 2369 assuescent.
1244 2326 1400 2368 Poterit
1423 2325 1633 2381 deinceps,

367 2411 506 2452 saltem
543 2408 702 2463 saepius,
740 2422 840 2447 unus
877 2407 1021 2446 alterve
1057 2404 1279 2446 auditorum
1314 2403 1433 2444 etiam
1471 2402 1638 2458 publice

366 2487 405 2526 in
440 2484 613 2539 collegio
645 2485 882 2537 fragmenta,
916 2483 1094 2522 nondum
1132 2479 1341 2535 explicata,
1374 2477 1636 2533 interpretari,

368 2568 410 2600 ut
434 2576 456 2600 a
480 2561 652 2600 docente
677 2558 880 2604 duntaxat,
906 2555 974 2596 ubi
998 2570 1102 2609 opus
1125 2564 1200 2604 est,
1231 2553 1451 2608 adjuvetur.
1518 2550 1636 2593 Talia

371 2635 557 2677 exercitia
594 2633 852 2681 discentibus,
896 2632 1001 2687 quia,
1044 2641 1126 2672 tum
1173 2629 1326 2683 singula
1372 2630 1505 2680 verba,
1552 2637 1636 2668 tum

373 2728 519 2755 nexum
563 2728 716 2762 eorum,
764 2709 951 2751 attentius
1000 2708 1245 2750 considerare
1286 2706 1511 2760 adiguntur,
1546 2717 1635 2745 sunt
