1915 3293
655 729 1246 784 DISPUTATIO

303 924 381 972 De
420 927 701 972 necessitate
751 926 899 972 studii
940 925 1226 986 linguarum
1278 922 1592 979 Biblicarum,

366 1006 411 1046 et
471 1000 783 1046 dialectorum
840 999 1098 1046 Hebraicce
1140 1005 1473 1061 cognatarum,
1523 1005 1594 1043 at-

369 1091 458 1138 que
492 1076 551 1122 de
585 1074 867 1137 difficultate
900 1075 974 1122 vel
997 1075 1252 1138 facilitate,
1299 1081 1341 1121 et
1379 1073 1594 1120 methodo

366 1151 514 1213 hujus
545 1150 706 1198 studii.

928 1306 964 1345 l.

299 1432 457 1489 QUOD
494 1436 770 1488 Hieronymus
806 1437 856 1476 ad
899 1434 1204 1490 Sophronium*
1248 1433 1411 1485 scribit3
1453 1432 1591 1474 “He-

296 1514 323 1534 “
346 1517 492 1565 braeus,
528 1522 666 1553 tecum
705 1510 930 1565 disputans,
972 1512 1193 1565 volensque
1228 1520 1266 1551 te
1301 1509 1483 1558 illudere,
1521 1525 1594 1564 per

300 1591 326 1611 “
350 1590 529 1646 singulos
555 1602 760 1630 sermones
787 1587 1008 1636 asserebat,
1045 1600 1126 1626 non
1164 1584 1305 1626 haberi
1338 1584 1378 1624 in
1414 1583 1594 1625 Hebrai-

298 1665 328 1688 “
350 1666 447 1716 co,''
485 1662 719 1717 contingere
755 1660 936 1716 quotidie
969 1668 1105 1714 potest
1141 1659 1333 1713 theologo
1365 1658 1594 1712 linguarum

298 1741 553 1783 Biblicarum
577 1736 750 1792 experti,
775 1745 815 1777 et
832 1737 937 1791 jam,
962 1735 1039 1776 nisi
1061 1735 1097 1776 ei
1123 1743 1323 1790 perpetuo
1348 1734 1452 1775 adsit
1488 1734 1596 1776 Hie-

295 1831 486 1870 ronymus
524 1812 683 1869 aliquis,
718 1827 841 1867 quem
871 1811 1071 1862 consulat,
1103 1809 1319 1859 vacillabit,
1354 1819 1423 1850 aut
1451 1811 1594 1851 saltem

297 1891 535 1940 turbabitur,
560 1905 607 1931 ac
648 1887 718 1943 qui
754 1887 853 1929 alios
875 1889 1023 1929 docere
1056 1886 1212 1937 debuit,
1245 1902 1288 1927 se
1324 1885 1412 1940 ipse
1446 1887 1596 1927 docere

292 1985 377 2010 non
421 1965 581 2022 poterit.
648 1964 759 2004 Nam
794 1962 1042 2005 adversarius
1078 1961 1333 2018 quiscunque
1366 1961 1597 2009 (adversarii

299 2051 433 2083 autem
461 2048 554 2080 sunt
584 2046 721 2079 nostra
755 2045 871 2078 aetate
896 2044 936 2077 et
974 2034 1089 2076 multi
1111 2043 1153 2075 et
1183 2033 1333 2088 magni)
1356 2049 1436 2074 non
1462 2035 1595 2075 solum

297 2133 372 2173 per
407 2115 587 2170 singulos
611 2126 818 2154 sermones
852 2111 1072 2158 illudendo,
1109 2111 1181 2150 sed
1215 2108 1336 2162 longe
1371 2108 1492 2149 etiam
1519 2124 1594 2150 sae-

296 2191 406 2247 pius,
434 2205 556 2246 quam
581 2187 704 2242 vulgo
730 2185 993 2237 existimatur,
1018 2184 1121 2226 serio
1145 2186 1320 2240 agendO,
1347 2186 1592 2239 respondere

300 2275 453 2324 potest,
489 2264 597 2306 aliud
632 2278 774 2304 sonare
809 2262 1091 2316 archetypum,
1128 2270 1168 2302 et
1194 2261 1284 2317 jam
1313 2259 1419 2301 irrita
1449 2261 1595 2301 cadent

300 2343 392 2391 tela,
438 2355 527 2397 quae
569 2338 784 2392 theologus
829 2353 878 2378 ex
920 2336 1098 2392 qualibet
1146 2334 1373 2376 Bibliorum
1412 2334 1592 2376 versione

301 2415 579 2474 depromserit,
613 2430 689 2456 nec
713 2413 752 2454 in
775 2411 885 2453 omni
921 2428 993 2453 sua
1024 2410 1231 2467 quantavis
1267 2409 1501 2451 eruditionis
1525 2426 1593 2451 su-

301 2491 495 2549 pellectili
530 2489 718 2546 reperiet,
744 2503 825 2543 quo
865 2502 936 2527 sua
961 2495 1100 2528 eontra
1123 2485 1292 2527 aliorum
1317 2484 1593 2540 aggressiones

634 2621 727 2635 effeto
733 2618 963 2632 evento-'tecv-
969 2617 1232 2630 reeeneteueoo
1238 2620 1254 2628 e

691 2715 710 2732 2*
740 2709 785 2747 T.
804 2709 832 2746 1.
853 2708 952 2757 opp.
982 2707 1051 2746 col.
1069 2711 1156 2746 835.
