1915 3293
925 376 986 422 66

353 511 421 553 De
436 512 529 568 jure
554 508 719 551 naturali
745 516 783 549 et
808 507 985 563 gentium
1013 509 1130 564 juxta
1161 505 1410 562 disciplinam
1437 504 1610 546 Hebrae·

415 603 542 638 orum,
569 594 731 627 auctore
756 585 939 627 Johanne
966 583 1156 625 Seldeno.
1197 613 1206 622 .
1247 615 1256 622 .
1295 618 1303 624 .
1345 582 1458 637 Lips.
1492 583 1610 626 1695.

353 686 604 730 Dictionaire
629 684 879 740 Historique,
906 682 1101 739 Critique,
1124 681 1469 736 Chronologique,
1497 679 1611 721 Geo-

413 762 632 819 graphique
678 771 716 803 et
762 760 926 801 Litteral
974 761 1023 800 de
1069 759 1106 800 la
1155 757 1282 799 Bible.
1332 773 1404 812 par
1439 757 1612 798 Calmet.

1331 833 1471 883 Paris,
1500 837 1615 878 1730.

353 926 586 969 Translated
610 924 692 964 into
716 922 896 977 English,
928 923 1005 962 and
1041 921 1197 976 printed
1225 930 1264 961 at
1302 920 1485 970 Londou,
1516 925 1619 966 1732

1421 1001 1614 1039 —ISOL

322 1085 604 1133 *Robinson's
649 1087 934 1141 Theological,
995 1086 1179 1134 Biblical,
1227 1088 1302 1126 ἃς.
1361 1084 1616 1139 Dictionary.

1339 1171 1467 1212 Loml.
1501 1176 1617 1212 1815.

356 1269 534 1309 Adeatur
570 1265 732 1307 omnino
773 1263 1087 1306 Hermeneutica
1123 1263 1263 1313 Sacra,
1303 1260 1357 1302 G.
1381 1261 1430 1301 L.
1476 1260 1619 1301 Baveri

420 1345 458 1386 in
493 1360 585 1400 qua,
611 1360 645 1384 a.
686 1359 726 1398 p.
743 1349 839 1389 279.
880 1358 1006 1398 usque
1039 1343 1087 1382 ad
1127 1346 1280 1396 p.285.
1319 1338 1536 1380 Librorum
1570 1340 1620 1379 de

423 1419 722 1476 antiquitatibus
754 1421 903 1473 sylloge
939 1417 1164 1459 exhibetur.

358 1517 654 1563 MISCHNA,
700 1517 781 1557 sive
820 1515 940 1556 totius
978 1514 1246 1555 Hebraeorum
1274 1513 1395 1568 juris,
1437 1512 1621 1565 Rituum,

422 1593 720 1649 Antiquitatum
757 1592 956 1645 Systema‚
993 1606 1085 1631 cum
1121 1588 1427 1631 clarissimorum
1469 1588 1623 1630 Rabbi-

421 1686 562 1712 norum
621 1667 883 1710 Maimonidis
939 1678 978 1708 et
1038 1666 1267 1707 Bartenorae
1326 1664 1622 1707 commentariis

420 1746 601 1801 integ1·iS‚
625 1748 700 1786 &a
773 1743 986 1785 Latinitate
1019 1742 1179 1783 donavit
1215 1759 1260 1783 ac
1299 1741 1416 1782 Notis
1452 1741 1620 1783 illustra-

424 1823 478 1864 vit
503 1822 731 1863 Gulielmus
757 1819 1039 1862 Surenhusius.
1102 1850 1110 1859 .
1152 1851 1160 1859 .
1201 1853 1207 1859 .
1249 1852 1255 1858 .
1306 1817 1476 1868 Amstel,
1504 1819 1623 1864 1698.

358 1912 441 1959 Qui
477 1911 590 1966 plura
615 1911 854 1956 desiderant,
891 1911 1032 1949 adeant
1064 1907 1358 1963 Antiquitatum
1401 1905 1623 1947 Hebraica-

420 2004 506 2029 rum
531 2003 633 2042 opus
667 1985 1030 2042 splendidissimum
1057 2001 1101 2026 ae
1133 1983 1475 2027 absolutissimum
1501 1982 1624 2024 Blasii

424 2066 603 2120 Ugolini.
639 2066 775 2114 (Toni.
806 2064 1029 2106 XXXIV.
1063 2064 1103 2104 in
1135 2064 1263 2107 folio.)
1316 2062 1488 2109 Viennoe,
1520 2066 1623 2106 1744

1492 2138 1624 2184 —69.

861 2386 1022 2439 Sacrr.
1051 2388 1115 2437 V.

608 2519 679 2555 DE
715 2517 1150 2556 HERMENEUTICA
1190 2519 1375 2556 SACRA.

284 2626 285 2629 ¹
327 2626 536 2681 *Georgii
568 2625 769 2667 Laurentii
799 2626 942 2667 Baveri
977 2627 1294 2669 Hermeneutica
1320 2629 1455 2669 Sacra.
1496 2627 1550 2683 (§.
1572 2628 1623 2670 iii.

433 2704 578 2744 Libros
615 2703 826 2745 nonnullos
849 2705 899 2744 -ad
926 2705 1027 2745 hanc
1055 2715 1176 2747 artem
1220 2706 1407 2761 perutiles
1429 2714 1623 2748 recensete
