1915 3293
939 337 1002 383 ‘29

321 459 539 514 nequidem
565 458 772 499 sufficiens
798 470 873 506 est,
897 461 1053 506 malint,
1077 475 1198 515 quam
1223 459 1318 505 hoc,
1345 460 1455 514 quod
1493 458 1613 513 longe

323 534 577 588 praestantius
605 544 680 581 est,
710 545 819 576 certe
846 551 928 576 non
954 545 1015 577 est
1040 535 1144 582 talis,
1172 544 1217 575 ut
1251 534 1343 575 loco
1368 543 1409 575 et
1433 533 1615 588 dignitati

322 610 496 651 virorum
521 611 908 663 ecclesiasticorum,
931 622 1054 667 atque
1071 610 1190 652 saluti
1211 610 1446 665 reipublicae
1473 609 1614 650 Chris-

321 685 454 736 tianae,
481 686 637 740 optime
663 687 909 728 consuleret.

389 761 489 809 Alii,
505 763 600 817 quia
620 762 735 803 biset
758 761 958 802 similibus
984 762 1148 816 argutiis
1173 761 1270 802 nihil
1294 761 1441 816 profici
1467 760 1615 810 vident,

323 833 566 888 captiosam,
588 844 630 875 ut
649 834 748 888 ipsis
767 834 932 889 quidem
954 834 1125 881 videtur,
1150 833 1416 889 quaestionem
1431 842 1616 881 movent;

324 924 417 949 nam
467 918 665 964 quaerunt,
711 909 915 964 quodnam
957 909 1264 950 emolumentum
1292 911 1389 965 jam
1435 909 1622 950 attulerit

323 985 501 1026 studium
537 986 800 1041 linguarmn;
835 985 1124 1026 controversias
1162 985 1253 1025 iude
1282 1000 1402 1025 novas
1438 992 1476 1025 et
1517 982 1622 1024 mul-

324 1064 402 1108 tas,
432 1057 558 1106 aiunt,
597 1065 716 1098 natas
751 1072 828 1098 esse
868 1058 1142 1112 comperimus,
1185 1057 1332 1097 bonum
1373 1064 1509 1097 autem
1544 1071 1623 1096 non

325 1133 987 1189 deprehendimus.—Sermonem
1023 1134 1147 1181 hunc,
1186 1132 1358 1188 quilibet
1383 1132 1505 1183 videt,
1532 1148 1621 1172 esse

328 1208 516 1256 virorum,
564 1209 647 1264 qui,
708 1225 841 1264 neque
891 1208 1021 1263 qualis
1075 1217 1190 1248 aetate
1237 1207 1437 1262 superiori
1489 1206 1624 1254 fuerit,

327 1300 460 1340 nequa
485 1284 614 1340 qualis
652 1300 760 1325 nunc
798 1285 850 1324 sit
885 1284 1080 1324 universae
1117 1283 1333 1336 theologiae
1369 1283 1485 1332 ratio,
1523 1299 1624 1338 cog-

328 1371 546 1412 noverunt;
585 1376 677 1401 nam
709 1360 778 1415 qui
804 1360 1014 1401 historiam
1046 1375 1178 1400 rerum
1215 1359 1538 1414 theologicarum
1563 1368 1625 1400 te-

329 1446 442 1488 nent,
467 1452 549 1477 non
574 1436 774 1491 ignorant,
798 1452 888 1492 quae
914 1445 954 1476 et
968 1444 1118 1491 quanta
1140 1435 1181 1475 in
1206 1434 1351 1475 melius
1378 1444 1628 1476 commutata

334 1512 427 1553 sint.
500 1512 587 1553 Illis
626 1520 759 1552 autem
799 1511 1155 1566 percontatoribus
1201 1509 1319 1551 aliam
1363 1509 1629 1565 quaestionem

332 1588 514 1644 objicere
539 1588 673 1635 liceat,
701 1589 907 1642 quodnam
935 1587 1092 1628 scilicet
1116 1586 1439 1627 emolumentum
1475 1587 1626 1627 hucus-

334 1680 414 1720 que
441 1665 621 1705 attulerit
645 1664 805 1718 logica3
858 1664 1005 1719 quodsi
1041 1663 1340 1718 responderint,
1377 1672 1423 1703 ut
1455 1678 1536 1703 non
1565 1679 1629 1703 re-

334 1742 536 1796 spondere
560 1756 641 1781 non
667 1748 855 1794 possunt,
882 1739 1033 1790 onmia,
1061 1755 1151 1794 quae
1175 1739 1214 1779 in
1242 1739 1500 1793 philosophia
1525 1755 1627 1793 prae-

335 1816 427 1858 stita
467 1826 574 1866 sunt,
619 1832 700 1857 non
739 1818 894 1871 absque
931 1815 1081 1870 logica,
1119 1817 1189 1856 sed
1226 1830 1299 1869 per
1334 1814 1509 1869 logicam
1541 1832 1629 1857 esse

336 1891 541 1947 praestita:
592 1891 894 1945 perhumaniter
927 1889 1191 1945 rogabimus,
1222 1900 1266 1931 ut
1304 1890 1384 1931 hoc
1421 1906 1542 1937 suum.
1567 1909 1630 1933 re-

337 1984 534 2023 sponsum
560 1970 610 2008 ad
638 1968 746 2008 illam
782 1984 896 2009 suam
922 1970 972 2008 de
1008 1967 1287 2008 emolumento
1323 1967 1443 2008 studii
1471 1968 1632 2022 lingua-

337 2061 425 2087 rum
471 2045 737 2101 quaestionem
780 2045 972 2085 adhibere
1018 2059 1100 2084 non
1145 2043 1425 2097 dedignentur.
1494 2043 1634 2099 Atque

337 2122 442 2162 adeo
470 2122 559 2176 jam
596 2136 702 2175 opus
724 2136 807 2161 non
840 2120 927 2168 erit,
964 2120 1052 2174 ipsa
1088 2118 1364 2160 emolumenta
1400 2119 1521 2160 studii
1554 2120 1632 2161 lin-

339 2213 511 2253 guarum
535 2196 766 2251 singillatim
791 2212 1050 2247 enumerare3
1096 2196 1257 2237 aliunde
1292 2195 1400 2236 enim
1425 2212 1519 2238 cum
1543 2196 1633 2238 viris

342 2274 463 2330 hujus
488 2272 649 2328 generis
674 2272 895 2327 disputare,
932 2286 1014 2312 non
1050 2272 1182 2311 solum
1215 2272 1430 2311 molestum
1468 2280 1509 2312 et
1533 2271 1634 2312 invi-

341 2349 517 2397 diosum,
545 2350 616 2389 sed
640 2348 762 2389 etiam
794 2350 1065 2389 frustraneum
1090 2356 1175 2398 est;
1212 2346 1371 2388 dictatis
1407 2346 1516 2387 enim
1551 2347 1633 2388 suis

345 2424 552 2476 insistunt,
578 2440 652 2465 nec
677 2424 760 2465 ullo
787 2432 1027 2478 argumento
1053 2431 1292 2473 moventur3
1329 2421 1460 2463 securi
1497 2422 1635 2478 quies-

344 2511 457 2550 cunt,
483 2503 707 2543 dummodo
739 2502 790 2543 sit
825 2500 1031 2554 theologia
1065 2509 1106 2540 et
1142 2499 1283 2555 religio
1309 2499 1553 2549 Christiana,
1588 2517 1634 2543 ac

347 2578 426 2619 sint
446 2578 619 2619 ministri
655 2578 859 2629 ecclesiae,
896 2593 1030 2633 neque
1053 2577 1254 2625 laborant,
1279 2577 1419 2633 quales
1453 2577 1550 2629 sint;
1594 2578 1635 2619 in

349 2652 529 2696 minutiis
564 2655 647 2696 fere
683 2655 848 2704 haerent,
888 2669 962 2695 nec
993 2655 1224 2704 observant,
1249 2654 1343 2709 quid
1381 2671 1443 2697 res
1471 2655 1635 2709 publica
