1915 3293
875 319 939 365 27

279 458 458 489 turarum
504 444 720 494 destitutis,
756 445 844 499 jani
884 443 981 483 olim
1030 456 1163 482 amare
1214 447 1463 494 conquestus
1514 448 1574 479 est

280 525 557 576 Hieronymus
578 520 714 576 Epist.
732 521 781 560 ad
811 519 1045 569 Paulinum,
1072 531 1165 558 cum
1192 513 1360 556 scribit:
1399 512 1573 558 “Quod

279 600 586 641 “medicorum
625 608 698 649 est,
734 597 976 652 promittunt
1012 593 1178 644 medici,
1206 601 1378 634 tractant
1416 590 1573 632 fabrilia

276 677 307 695 “
328 675 459 726 fabri3
509 675 594 716 sola
622 674 911 728 scripturarum
950 688 1011 712 ars
1047 681 1121 722 est,
1155 685 1279 725 quam
1316 669 1392 709 sibi
1421 667 1574 723 passim

277 751 308 772 “
332 766 473 792 omnes
500 750 726 790 vendicant.
800 747 1027 788 Scribimus
1058 745 1214 786 indocti
1247 743 1440 798 doctique
1474 742 1576 796 po'e-

277 828 308 847 “
333 838 442 869 mata
467 827 632 883 passim.
672 825 794 867 Hanc
819 823 979 879 garrula
1002 839 1118 874 anus,
1134 824 1238 863 hanc
1260 820 1410 862 delirus
1436 834 1574 870 senex,

279 904 310 922 “
335 905 438 945 hanc
481 903 663 958 sophista
702 903 910 949 verbosus,
950 901 1055 941 hanc
1096 898 1270 940 universi
1308 906 1576 953 praesumunt,

277 979 307 1000 “
335 980 533 1027 lacerant,
575 979 717 1020 docent
762 986 984 1034 antequam
1027 979 1197 1019 discant.
1266 975 1349 1016 Alii
1396 977 1576 1016 adducto

279 1055 309 1073 “
335 1054 558 1110 supercilio
593 1054 760 1109 grandia
792 1057 913 1096 verba
945 1054 1201 1102 trutinantes,
1227 1052 1330 1093 inter
1354 1052 1577 1092 muliercu-

277 1129 310 1148 “
333 1129 392 1172 las
433 1132 483 1172 de
521 1130 644 1171 sacris
683 1130 806 1172 literis
852 1130 1207 1185 philosophantur.
1281 1127 1363 1168 Alii
1401 1126 1575 1174 discunt,

273 1202 303 1223 “
328 1220 404 1259 pro
437 1206 593 1259 pudor!
648 1221 671 1245 a
698 1204 890 1256 foeminis,
925 1206 1036 1260 quod
1075 1204 1179 1245 viros
1215 1205 1407 1253 doceant,
1446 1213 1486 1243 et
1524 1218 1574 1243 ne

277 1280 311 1298 ‘⁷‘
337 1297 481 1342 parum
516 1282 596 1321 hoc
630 1281 694 1328 sit,
743 1282 924 1336 quadam
955 1282 1176 1338 facilitate
1218 1280 1447 1330 verborum,
1495 1280 1575 1321 imo

224 1388 227 1391 -
273 1357 305 1378 “
329 1358 508 1400 audacia
532 1358 755 1400 edisserunt
779 1359 889 1411 aliis,
911 1359 1021 1415 qaod
1050 1359 1127 1414 ipsi
1150 1374 1230 1399 non
1252 1358 1578 1414 intelligunt.—

275 1433 309 1454 “
331 1432 478 1476 Taceo
510 1436 561 1475 de
596 1434 678 1476 mei
699 1434 912 1487 similibus,
938 1434 1024 1490 qui,
1057 1434 1090 1475 si
1127 1436 1230 1476 forte
1264 1435 1314 1475 ad
1353 1433 1576 1489 scripturas

277 1509 310 1527 “
333 1526 470 1552 sacros
514 1521 609 1566 post
652 1513 855 1552 seculares
907 1511 1041 1552 literas
1082 1511 1259 1560 veniunt,
1302 1519 1343 1552 et
1389 1525 1576 1552 sermone

278 1585 307 1603 “
333 1586 568 1641 composito
607 1602 722 1628 aures
757 1587 905 1641 populi
953 1586 1175 1638 mulserint,
1228 1585 1432 1642 quidquid
1464 1585 1577 1626 dixe-

276 1661 308 1681 “
331 1662 433 1713 rint,
473 1661 543 1702 lzoc
582 1661 708 1718 legem
748 1661 835 1701 Dei
864 1669 1038 1717 patant,
1082 1676 1150 1702 nec
1188 1661 1416 1717 dignantur
1456 1661 1572 1709 scire,

275 1736 309 1757 “
331 1737 434 1793 quid
480 1737 715 1793 Prophetae,
760 1737 863 1793 quid
916 1738 1107 1793 Apostoli
1151 1737 1358 1788 senserint,
1409 1736 1478 1776 sed
1523 1735 1580 1776 ad

276 1814 309 1833 “
334 1829 490 1856 sensum
537 1830 654 1855 suum
699 1814 925 1870 incongrua
968 1821 1117 1869 aptant
1162 1812 1409 1862 testimonia,
1456 1810 1576 1867 quasi

277 1891 309 1912 ‘⁶
331 1889 490 1947 grande
505 1890 570 1942 sit,
594 1898 632 1931 et
648 1905 727 1931 non
749 1890 1053 1931 vitiosissimum
1081 1889 1248 1930 docendi
1268 1903 1409 1945 genus,
1428 1887 1577 1941 depra-

279 1966 311 1987 “
335 1979 433 2006 vare
465 1966 696 2014 sententias,
732 1972 769 2006 et
809 1965 866 2006 ad
901 1965 1151 2006 voluntatem
1180 1979 1295 2005 suam
1329 1962 1578 2017 scripturam

277 2042 310 2063 ‘⁴'
334 2041 496 2083 trah-ere
523 2048 831 2099 repugnantem.
891 2040 1023 2087 Quasi
1057 2055 1140 2081 non
1172 2037 1389 2093 legerimus
1414 2036 1578 2078 Home-

275 2118 306 2138 “
330 2128 574 2160 rocentonas
627 2127 667 2159 et
707 2117 1091 2172 Virgiliocentonas,
1149 2131 1196 2156 ac
1239 2130 1320 2155 non
1357 2113 1415 2155 sic
1454 2112 1576 2154 etiam

277 2195 309 2217 “
334 2195 557 2237 Maronem
582 2194 668 2236 sine
693 2193 875 2245 Christo,
891 2192 1097 2248 possimus
1122 2192 1258 2233 dicere
1283 2189 1575 2238 Christianum,

278 2272 311 2291 “
333 2271 429 2327 quia
451 2270 685 2326 scripserit:
718 2271 817 2324 jam
853 2269 958 2310 redit
994 2276 1032 2310 et
1066 2269 1198 2324 virgo,
1231 2266 1401 2309 *redeunt
1428 2265 1577 2307 Satur-

279 2345 406 2388 “nia
453 2362 610 2404 regna;
648 2347 747 2402 jam
790 2359 893 2385 nova
941 2343 1158 2400 progenies
1208 2341 1302 2383 coelo
1347 2340 1579 2381 demittitur

280 2422 311 2440 “
336 2422 450 2469 alto;
496 2431 536 2463 et
560 2430 717 2477 patrem
750 2420 986 2476 loquentem
1017 2420 1068 2460 ad
1105 2418 1265 2459 filium:
1324 2421 1450 2457 nate!
1482 2430 1575 2457 mea’-

279 2497 306 2517 “
329 2498 460 2541 vires!
498 2513 587 2540 mea
600 2513 753 2555 magna
769 2496 960 2553 potentia
995 2494 1132 2537 solus!
1171 2502 1211 2534 et
1234 2493 1356 2533 verba
1388 2492 1576 2532 Salvato-

282 2579 309 2594 “
335 2574 388 2616 ris
431 2573 472 2615 in
519 2590 662 2616 cruce:
707 2574 812 2616 talia
846 2571 1063 2628 perstabat
1110 2583 1346 2620 memoranS,
1377 2567 1575 2624 fixusque

281 2651 312 2673 ‘⁶
336 2649 538 2692 manebat.
602 2649 783 2691 Puerilia
817 2650 902 2689 haec
936 2656 1041 2699 sunt,
1077 2655 1117 2688 et
1146 2645 1430 2688 circulatorum
1466 2642 1576 2685 sinii-
