1915 3293
882 335 946 383 47

255 468 497 500 connectere
520 472 603 497 rem
631 456 914 511 significatam,
939 469 1006 498 aut
1043 457 1251 498 notionem
1289 458 1405 513 ejus·,
1452 474 1541 499 nam

248 534 368 588 juxta
402 535 532 586 legem
566 532 843 573 associationis
877 532 1073 580 idearum,
1099 532 1234 573 audita
1259 549 1359 573 voce
1384 532 1543 583 Latina,

257 624 299 649 se
326 607 422 662 ipsis
447 607 627 648 obtrudit
657 610 906 662 respondens
939 624 1016 649 vox
1054 607 1199 661 linguae
1225 610 1463 656 vernaculae,
1505 618 1545 647 et

257 685 423 723 demum
447 698 490 723 se
528 683 647 724 offert
680 699 742 723 res
776 683 1202 737 ipsa.—Vertendum
1243 684 1379 738 itaque
1415 693 1475 724 est
1507 683 1547 723 in

256 759 437 813 linguam
463 761 736 809 vernaculam,
761 769 820 809 ut,
852 770 1049 814 percepta
1075 776 1174 801 voce
1199 761 1426 809 vernacula,
1449 775 1544 800 mox

259 846 450 876 occurrat
488 851 551 876 res
588 836 691 890 ipsa,
722 844 761 875 et
795 834 849 875 ita
890 835 1012 876 series
1044 835 1257 877 notionum
1293 835 1452 876 brevior
1487 834 1548 885 sit,

259 919 299 950 et
340 909 553 964 impressio
588 909 900 964 majorem·v'in1
938 909 1120 959 retineat,
1158 909 1241 950 imo
1277 918 1316 950 et
1357 917 1549 963 augeatur

260 1001 310 1025 ex
356 1001 421 1033 eo,
465 988 574 1041 quod
616 986 754 1040 lingua
785 989 1000 1028 vernacula
1042 987 1093 1027 sit
1128 987 1375 1035 familiarior,
1413 996 1454 1027 et
1489 985 1550 1026 vel

260 1058 352 1099 ideo
381 1059 511 1113 magis
546 1059 766 1114 perspicua
793 1070 834 1101 et
858 1060 1166 1101 chirion—Me
1199 1061 1362 1115 quidem
1386 1060 1550 1101 minime

260 1132 373 1181 latet,
412 1134 638 1197 versionem
679 1135 720 1175 in
757 1135 939 1189 linguam
978 1134 1183 1181 Latinam,
1225 1133 1366 1189 paucis
1404 1134 1551 1175 abhinc

262 1209 379 1250 annis
404 1209 531 1250 fuisse
557 1209 707 1251 scholis
744 1210 1049 1264 praescriptam3
1085 1218 1147 1250 ast
1176 1209 1216 1249 id
1255 1211 1443 1264 profecto
1470 1224 1553 1249 non

264 1284 358 1325 ideo
389 1286 544 1325 factum
582 1293 657 1334 est,
691 1294 735 1324 ut
765 1284 992 1337 linguarum
1029 1283 1207 1323 studium
1242 1292 1552 1337 promoveatur3

261 1358 354 1413 quis
412 1357 519 1399 enim
569 1360 819 1413 permultum
868 1357 1056 1413 impediri
1104 1373 1186 1399 non
1226 1358 1386 1399 videat?
1443 1359 1553 1399 Finis

262 1435 366 1490 legis
405 1444 489 1477 erat
517 1435 634 1486 alius,
675 1437 725 1476 de
765 1452 849 1491 quo
886 1435 1037 1482 dicere,
1076 1434 1175 1475 nihil
1205 1436 1254 1475 ad
1278 1451 1352 1475 nos
1388 1434 1554 1485 attinet3

265 1511 306 1552 id
339 1521 475 1552 tamen
499 1526 581 1552 non
607 1526 772 1552 monere
796 1526 879 1552 non
912 1526 1148 1564 possumus,
1181 1526 1241 1558 ea,
1267 1525 1355 1564 quae
1381 1510 1556 1550 diximus

267 1587 398 1626 donec
436 1586 524 1626 haec
567 1587 631 1626 lex
669 1594 822 1625 mutata
862 1584 996 1632 fuerit,
1044 1593 1231 1638 spectare
1273 1586 1324 1624 ad
1364 1584 1559 1639 privatam

269 1661 536 1715 diligentiam,
561 1676 656 1716 qua,
685 1661 890 1702 discentes
923 1661 1059 1701 onmia
1081 1669 1236 1701 vertant
1270 1661 1309 1700 in
1335 1676 1448 1702 suam
1474 1677 1560 1701 ver-

265 1739 471 1788 naculam,
523 1751 599 1777 nec
655 1751 802 1777 vanum
850 1751 938 1776 esse
977 1737 1055 1776 hoc
1099 1736 1299 1776 monitum
1344 1736 1560 1791 reperient,

270 1816 341 1855 sed
363 1815 489 1868 paulo
513 1822 608 1867 post
630 1812 708 1867 ipsi
751 1812 940 1863 sentient,
966 1821 1117 1868 quanto
1142 1812 1273 1866 magis
1297 1812 1557 1866 profecerint,

271 1898 312 1930 et
333 1889 375 1930 in
397 1888 530 1944 ipsam
552 1887 673 1929 etiam
694 1887 876 1928 indolem
899 1888 1049 1941 linguae
1074 1887 1192 1928 altius
1222 1887 1547 1941 penetraverint..

338 1963 400 2004 II.
450 1963 537 2004 Sub
561 1962 649 2019 ipsa
682 1963 1017 2018 interpretatione
1049 1979 1130 2004 non
1157 1963 1275 2018 plura
1301 1966 1423 2003 verba
1458 1964 1561 2004 faci-

273 2040 394 2088 enda,
427 2053 550 2094 quam
574 2053 664 2093 quae
700 2038 928 2079 necessaria
954 2047 1047 2079 sunt
1082 2040 1132 2078 ad
1158 2037 1385 2093 quamlibet
1416 2054 1559 2079 vocem

276 2124 316 2156 et
339 2114 518 2169 phrasim
545 2116 831 2169 exponendam
863 2123 903 2155 et
933 2113 1273 2168 intelligendam3
1313 2122 1563 2168 quapropter

273 2190 426 2242 omnia,
467 2205 556 2245 quae
596 2205 646 2231 ex
685 2191 771 2231 sola
812 2188 994 2230 versione
1033 2189 1145 2230 vocis
1189 2188 1423 2245 cujuslibet,
1467 2189 1562 2229 satis

275 2273 429 2320 patent,
459 2281 760 2320 supervacanea
797 2274 891 2306 sunt
925 2274 965 2306 et
997 2265 1218 2306 reticenda.
1277 2265 1346 2306 Sic
1389 2265 1420 2305 si
1455 2263 1565 2325 Ἶξζέ

276 2347 441 2388 vertitur
462 2347 584 2398 dixit,
611 2347 773 2395 sufficit,
809 2362 1156 2403 supervacaneum
1196 2355 1257 2388 est
1290 2348 1450 2395 addere,
1475 2361 1563 2386 esse

279 2421 464 2463 Verbum
504 2422 628 2464 tertiae
663 2423 872 2473 Personae,
908 2422 1084 2463 Numeri
1119 2422 1349 2477 singulariS,
1388 2421 1562 2463 Generis

279 2496 493 2538 masculini
526 2500 613 2549 &03
660 2499 748 2540 haec
781 2497 936 2553 quippe
974 2498 1110 2539 omnia
1156 2514 1206 2539 ex
1245 2498 1427 2540 versione
1464 2514 1563 2554 cog-

281 2581 519 2624 noscuntur,
544 2582 588 2615 ut
607 2574 715 2615 arida
730 2575 816 2616 haec
840 2574 1106 2625 enumeratio,
1125 2582 1164 2615 et
1185 2574 1357 2630 copiosa
1376 2574 1560 2629 descrip-

281 2647 337 2688 tio
358 2650 498 2690 formae
525 2649 853 2703 grammaticalis,
889 2666 935 2691 ex
974 2650 1154 2691 versione
1191 2649 1342 2691 affatim
1373 2649 1560 2703 cognitae,
