1915 3293
946 389 1010 435 46

343 520 561 565 delectant,
609 533 685 558 nec
729 517 809 557 ulla
852 525 943 556 ante
979 516 1352 571 interpretationem
1394 514 1628 569 inspiciatur

342 592 485 640 versio,
530 607 580 632 ne
627 602 768 647 pereat
809 590 1051 632 desiderium
1092 592 1366 644 cognoscendi
1407 607 1491 631 rem
1535 605 1625 645 quae

340 676 533 715 narratur,
569 677 639 708 aut
668 667 836 717 lumina,
874 667 1020 722 quibus
1053 675 1193 707 ornata
1228 675 1288 706 est
1322 667 1463 708 oratio.
1521 667 1625 707 Sunt

338 753 472 785 autem
508 753 548 785 et
578 745 654 785 alia
689 743 824 785 omnia
856 743 1133 798 conquirenda
1173 741 1431 790 adminicula,
1476 742 1623 798 quibus

329 819 553 874 jucundior
578 828 617 860 et
650 819 792 860 fortior
827 818 940 860 reddi
976 827 1113 873 potest
1147 816 1375 871 impressio,
1411 826 1451 857 et
1475 832 1496 857 e
1522 832 1622 857 con-

333 894 470 942 trario,
495 895 738 934 removenda
761 894 1068 948 impedimenta,
1092 892 1238 947 quibus
1263 891 1318 931 vis
1343 890 1622 945 impressionis

335 969 562 1023 infringitur
607 978 647 1010 et
693 968 937 1009 debilitatur.
1015 967 1113 1007 Non
1154 970 1226 1007 abs
1271 982 1313 1007 re
1356 966 1444 1014 erit,
1488 965 1622 1020 aliqua

334 1061 552 1099 exponere.

399 1121 433 1161 I.
483 1119 569 1166 Qui
613 1135 793 1175 unquam
830 1120 906 1159 hac
950 1120 1000 1159 de
1036 1134 1077 1158 re
1115 1117 1245 1158 acrius
1281 1117 1488 1171 cogitavit,
1537 1131 1619 1157 non

331 1195 545 1234 observare
599 1207 681 1232 non
725 1191 871 1245 potuit,
911 1192 1025 1230 valde
1068 1190 1377 1229 incommodum
1420 1204 1523 1236 esse,
1568 1203 1617 1228 ex

330 1267 468 1322 lingua
510 1276 670 1308 mortua
717 1275 871 1306 vertere
913 1265 953 1305 in
995 1264 1115 1306 aliam
1170 1264 1350 1318 linguam
1397 1273 1617 1314 mortuam,

328 1351 429 1397 puta
487 1342 693 1390 Latinam,
742 1356 823 1381 non
864 1340 1011 1390 solum,
1057 1340 1149 1394 quia
1191 1340 1278 1379 haec
1322 1339 1438 1380 nobis
1483 1338 1616 1379 minus

329 1417 449 1468 clara,
487 1426 557 1457 aut
591 1416 732 1458 saltem
772 1415 905 1456 minus
942 1414 1165 1463 familiaris,
1205 1415 1274 1455 sed
1313 1414 1429 1469 quasi
1465 1415 1616 1468 hospes

326 1501 400 1540 est,
439 1500 479 1532 et
516 1491 682 1546 quidem
716 1491 958 1545 plerumque
995 1490 1129 1530 minus
1170 1505 1262 1530 cara
1300 1499 1340 1530 et
1379 1499 1506 1544 grata,
1544 1492 1614 1530 sed

327 1567 460 1615 etiam,
483 1575 524 1607 et
545 1565 607 1606 vel
631 1565 823 1612 maxime,
849 1564 944 1619 quia
968 1563 1008 1603 in
1025 1563 1093 1604 tali
1118 1563 1302 1604 versione
1326 1573 1423 1618 post
1446 1567 1617 1605 verbum

328 1640 536 1692 Latinum,
563 1640 602 1681 in
628 1649 809 1680 mentem
844 1638 951 1680 venit
986 1640 1237 1693 respondens
1271 1641 1440 1680 verbum
1466 1639 1614 1694 linguae

325 1717 566 1768 vernaculae,
589 1727 630 1757 et
665 1719 829 1756 demum
867 1715 1045 1769 primum
1077 1715 1253 1755 occurrit
1288 1731 1367 1765 res,
1401 1724 1469 1755 aut
1500 1714 1612 1756 notio

324 1793 393 1844 rei,
420 1802 540 1847 atque
565 1792 618 1831 ita
645 1790 767 1831 series
792 1790 1004 1830 notionum
1041 1805 1123 1830 uno
1148 1793 1335 1830 membro
1369 1789 1415 1829 fit
1438 1789 1610 1843 longior,

324 1871 434 1925 quod
473 1882 835 1922 supervacaneum,
869 1866 1069 1920 ingratum
1111 1875 1150 1905 et
1189 1865 1497 1906 incommodum
1537 1875 1611 1913 est,

323 1950 444 1996 atque
477 1940 656 1994 vigorem
697 1937 902 1978 meinoriae
937 1936 1500 1991 imminuit.—Nequaquam
1534 1937 1612 1978 im-

322 2034 478 2059 memor
503 2033 606 2068 sum,
643 2032 708 2056 me
735 2031 859 2069 supra
896 2014 1178 2064 consuluisse3
1227 2022 1271 2054 ut
1305 2014 1355 2052 ad
1388 2013 1612 2067 quamlibet

322 2109 465 2134 vocem
489 2092 651 2145 linguae,
682 2106 772 2145 quae
811 2089 988 2137 discitur,
1018 2089 1251 2130 immediate
1285 2088 1485 2143 cogitetur
1520 2089 1610 2144 ipsa

322 2186 411 2221 res3
459 2169 540 2209 imo
580 2168 700 2209 etiam
743 2167 865 2215 addo,
914 2165 1089 2220 parvulis
1129 2165 1285 2219 linguas
1326 2165 1473 2219 partim
1514 2165 1607 2206 ideo

323 2262 411 2288 esse
453 2244 678 2300 perfaciles,
722 2244 831 2298 quod
879 2244 1097 2283 verborum
1144 2242 1308 2297 objecta
1352 2241 1500 2288 vident,
1545 2243 1607 2282 vel

325 2318 516 2370 sentiunt,
544 2319 608 2357 vel
637 2315 848 2357 notionem
884 2330 933 2355 ex
969 2315 1168 2370 adjunctis
1210 2324 1250 2355 et
1282 2313 1381 2356 serie
1414 2313 1605 2355 orationis

324 2393 564 2451 conjiciunt,
610 2403 650 2434 et
693 2392 809 2448 quasi
848 2391 927 2446 ipsi
968 2391 1192 2443 inveniunt,
1237 2392 1345 2446 quod
1388 2399 1607 2445 utrumque

325 2469 466 2511 fortius
504 2477 681 2510 mentem
719 2467 833 2514 ferit;
877 2476 938 2508 ast
969 2467 1038 2523 qui
1070 2468 1192 2508 docet
1219 2465 1376 2519 linguas
1413 2474 1607 2513 mortuas,

327 2547 404 2586 hoc
431 2544 549 2586 nimis
585 2560 692 2599 saepe
726 2542 871 2585 imitari
905 2558 985 2583 non
1017 2551 1167 2597 potest,
1208 2551 1253 2582 ut
1286 2542 1499 2597 objectum
1538 2556 1609 2581 ex-

320 2622 472 2672 hibeat,
517 2630 585 2662 aut
626 2621 735 2662 brevi
783 2618 1160 2673 circumscriptione
1208 2618 1346 2669 sistat;
1405 2617 1608 2658 discentes

324 2713 488 2754 quoque
513 2696 724 2738 difficulter
765 2706 1019 2747 assuescunt,
1055 2694 1219 2736 cuilibet
1255 2694 1343 2736 voci
1376 2694 1605 2735 immediate
