1915 3293
947 376 1010 421 ss

328 499 573 555 interpositis
609 500 694 541 aliis
734 499 1091 553 occupationibus,
1127 517 1262 543 rursus
1301 504 1348 542 ad
1389 501 1524 555 ipsum
1560 517 1621 541 re-

326 579 483 619 deatur.

394 653 462 694 Sic
485 670 594 708 e.g.,
621 670 709 708 quae
735 669 826 708 pars
843 654 932 709 jam
956 652 1164 694 intellecta
1186 663 1262 705 est,
1295 665 1490 696 consueta
1515 656 1621 694 dun-2

325 738 434 770 taxat
468 730 702 779 attentione,
745 739 803 770 ter
843 739 1048 784 quaterve,
1085 728 1168 770 sine
1213 745 1327 770 mora
1366 729 1621 785 interposita,

325 807 497 860 legatur,
521 815 561 846 et
584 807 670 847 haec
697 806 798 846 trina
825 815 1068 860 quaternave
1102 805 1241 856 lectio,
1265 805 1512 859 interpositis
1537 805 1623 845 aliis

323 880 511 934 negotiis,
539 880 741 921 interdum
769 881 890 921 etiam
919 881 1199 922 intercedente
1225 891 1363 932 nocte,
1404 882 1539 922 rursus
1563 891 1623 921 ter

324 967 515 1011 quaterve
535 966 754 1011 repetatur,
776 967 816 998 et
837 958 1003 1013 quidem
1023 974 1236 1013 nunquam
1257 958 1344 998 sola
1360 957 1622 1011 cogitatione,

325 1035 396 1074 sed
420 1049 562 1076 omnes
588 1050 710 1075 voces
735 1033 872 1089 plene,
895 1045 935 1076 et
958 1044 1039 1076 tam
1067 1037 1146 1076 alta
1170 1051 1271 1077 voce
1297 1034 1624 1089 pronunciando,

323 1117 368 1150 ut
390 1110 529 1163 legens
567 1111 707 1150 saltem
733 1125 777 1150 se
808 1110 896 1164 ipse
934 1110 1084 1152 audiat.
1154 1111 1232 1151 Vix
1261 1111 1452 1161 creditur,
1493 1126 1623 1166 quan-

324 1193 409 1225 tum
443 1185 565 1226 lectio
599 1201 758 1237 sonora,
795 1185 914 1226 toties
951 1186 1137 1240 repetita,
1177 1188 1364 1242 adjuvet3
1410 1202 1486 1227 nec
1519 1186 1621 1227 ratio

323 1261 443 1316 hujus
485 1260 540 1301 rei
585 1260 699 1311 latet,
750 1260 1012 1302 manifestum
1061 1261 1168 1302 enim
1211 1272 1285 1313 est,
1327 1271 1505 1303 mentem
1553 1278 1624 1316 per

322 1337 542 1378 lectionem
577 1338 698 1392 hujus
736 1337 909 1391 generiS‚
949 1353 1029 1378 non
1065 1347 1220 1378 tantum
1256 1355 1277 1378 a
1318 1338 1621 1379 characteribus

324 1429 487 1465 vocum,
523 1412 653 1454 oculis
699 1413 920 1468 perceptis,
964 1414 1035 1454 sed
1073 1413 1194 1454 etiam
1229 1431 1251 1454 a
1290 1429 1388 1454 voce
1427 1423 1467 1454 et
1505 1430 1621 1465 sono,

324 1505 398 1544 per
423 1505 537 1530 aures
561 1490 721 1539 hausto,
748 1488 870 1539 affici,
890 1499 1012 1544 atque
1038 1489 1093 1530 ita
1117 1490 1273 1544 duplici
1298 1500 1443 1545 agente
1467 1507 1622 1539 caussa,

323 1566 531 1608 fortiorem
577 1565 760 1620 recipere
808 1565 1136 1620 impressionem,
1185 1583 1307 1622 quam
1354 1583 1402 1608 eo
1460 1568 1620 1610 facilius
1657 1574 1659 1577 '

323 1640 482 1687 retinet,
505 1655 586 1695 quo
612 1639 761 1694 saepius
787 1639 939 1694 duplex
978 1640 1066 1681 haec
1097 1656 1242 1682 caussa
1265 1640 1621 1695 agiu—'Multum

319 1731 484 1772 quoque
517 1716 713 1770 proderit,
751 1715 784 1756 si
822 1715 961 1768 legens
1004 1715 1171 1757 cuilibet
1217 1716 1306 1757 voci
1355 1716 1616 1770 cogitatione,

319 1808 402 1832 non
427 1807 570 1832 vocem
595 1791 635 1831 in
671 1790 807 1844 lingua
832 1790 1048 1831 vernacula
1076 1792 1406 1845 respondentem,
1447 1792 1517 1831 sed
1542 1791 1619 1832 im-

322 1867 496 1909 mediate
525 1883 610 1907 rem
644 1867 789 1921 ipsam,
823 1882 894 1907 seu
928 1866 1137 1907 notionem
1174 1866 1230 1907 rei
1260 1875 1463 1917 annectat,
1500 1868 1618 1923 cujus

319 1940 376 1982 rei
400 1939 597 1981 rationem
615 1940 718 1980 infra
743 1940 972 1980 reddemus.
1016 1938 1199 1979 Effectus
1212 1937 1399 1979 lectionis
1425 1939 1620 1995 hujusce·

321 2016 444 2069 modi,
473 2017 621 2071 saepius
646 2015 846 2071 repetitae,
872 2015 942 2071 qui
977 2024 1074 2071 post
1107 2031 1264 2070 paucos
1289 2015 1373 2057 dies
1408 2015 1620 2067 sentietur,

322 2093 503 2144 docebit,
529 2092 785 2133 verissimum
808 2109 914 2143 esse,
948 2094 1059 2147 quod
1082 2091 1254 2132 dicitur:
1307 2092 1516 2149 legendum
1546 2107 1625 2147 po-

320 2170 401 2210 tius
429 2168 619 2218 multam,
646 2183 768 2223 quam
794 2167 924 2208 multa
941 2186 956 2214 ;
1003 2177 1069 2209 et:
1117 2174 1241 2224 gutta
1279 2175 1397 2208 cavat
1427 2167 1619 2223 lapidem,

322 2262 402 2288 non
425 2246 478 2299 vi,
505 2246 574 2287 sed
600 2260 699 2300 saepe
720 2244 911 2286 cadendo.

385 2325 551 2371 Quanta
575 2323 626 2366 sit
650 2321 933 2378 frequentioris
967 2321 1220 2378 repetitionis
1254 2321 1328 2371 vis,
1354 2324 1416 2363 vel
1450 2331 1624 2377 apparet

319 2414 369 2440 ex
406 2414 471 2450 eo,
516 2399 626 2454 quod
664 2396 866 2448 homines,
902 2396 1023 2437 etiam
1063 2397 1199 2448 rudes,
1238 2395 1382 2436 inculti
1426 2405 1466 2436 et
1504 2394 1626 2436 simul
1675 2429 1681 2436 .

320 2478 475 2517 obtusae
501 2474 663 2526 mentis,
690 2490 851 2529 preces,
887 2489 986 2529 quas
1023 2472 1219 2529 quotidie,
1248 2481 1316 2513 aut
1346 2472 1510 2527 saepius,
1549 2471 1624 2514 etsi

320 2566 401 2592 non
422 2567 510 2592 raro
535 2565 679 2606 parum
703 2549 861 2600 attenti,
897 2548 1082 2600 recitant,
1098 2554 1100 2556 ’
1118 2550 1257 2603 elapso
1283 2547 1433 2602 exiguo
1458 2558 1622 2603 tempo-

319 2625 371 2668 ris
394 2626 524 2682 spatio
551 2629 634 2669 fere
659 2625 770 2668 inviti
795 2625 993 2669 memoria
1018 2634 1194 2678 teneant³
1265 2625 1357 2666 Imo
1385 2624 1477 2666 novi
1500 2623 1622 2665 etiam
