1915 3293
885 362 938 406 25

749 596 910 646 Sssc‘r.
950 594 1052 645 xl.

701 757 771 793 Dr,
804 757 1119 794 RABBlNICIS.

236 899 467 941 *Hadriani
514 901 685 942 Relandi
731 902 928 943 Analecta
968 901 1209 943 Rabbinica.
1269 900 1444 956 Trqjecti
1479 901 1532 941 ad

335 977 536 1030 Rhenum,
564 984 683 1024 1723.
741 979 886 1036 quibus
924 979 1186 1028 continentur,

278 1083 309 1117 l.
346 1074 377 1094 ‘⁶
396 1076 452 1116 G.
481 1074 730 1118 Geuebrardi
757 1076 927 1132 Isagoge
953 1077 1194 1118 Rabbinica.

270 1171 309 1206 Ω.
347 1164 543 1220 Ejusdem
569 1165 846 1207 meditationes
869 1176 911 1207 et
938 1165 1108 1206 Tabulae
1133 1164 1385 1206 Rabbinicae.

270 1258 309 1294 3.
347 1253 403 1295 G.
431 1252 594 1295 Cellarii
617 1252 808 1294 institutio
834 1252 1076 1294 Rabbinica.

267 1347 306 1381 4.
342 1339 378 1380 I.
403 1339 576 1381 Drusius
601 1342 650 1382 de
685 1340 889 1396 particulis
922 1340 1174 1382 Rabbinicis.

270 1433 310 1469 5.
346 1426 474 1468 Index
503 1427 894 1470 Commentariorum
928 1427 1264 1479 Rabbinicorum,
1298 1425 1365 1484 qui
1398 1428 1435 1469 in
1473 1444 1533 1468 sa-

335 1519 447 1545 crum
471 1503 653 1545 codicem
680 1515 747 1545 aut
773 1513 904 1558 partes
929 1504 1015 1560 ejus
1041 1504 1259 1559 conscripti
1283 1514 1385 1545 sunt.

270 1594 310 1634 6.
347 1591 385 1632 Ι.
413 1591 660 1633 Bartoloccii
683 1591 770 1633 vitae
796 1591 1014 1632 celebrium
1040 1592 1334 1633 Rabbinorum.

272 1686 310 1725 7.
349 1680 403 1721 R.
425 1680 594 1721 Davidis
620 1680 798 1722 Kimehii
823 1680 1097 1721 commentarii
1122 1680 1161 1722 in
1185 1683 1326 1723 decem
1346 1681 1531 1722 Psalmos

335 1755 486 1810 priores
512 1756 748 1809 Davidicos,
776 1772 868 1797 cum
895 1755 1073 1797 versione
1098 1756 1255 1798 Latina.

274 1843 575 1886 Commentaria
606 1844 835 1886 Rabbinica
860 1844 898 1885 in
930 1845 1021 1886 Sac.
1052 1844 1182 1901 Scrip.
1207 1845 1412 1887 videantur
1437 1862 1539 1900 prae-

340 1932 446 1964 terea
473 1922 514 1963 in
538 1921 680 1963 Bibliis
705 1920 939 1962 Rabbinicis
966 1921 1272 1976 Bombergianis
1298 1931 1338 1963 et
1360 1922 1559 1963 Buxtor-'

340 1997 468 2050 fianis,

241 2074 487 2117 *catalecta
526 2074 753 2116 Rabbinica
787 2073 826 2115 in
867 2091 983 2116 usum
1018 2074 1258 2116 Scholarum
1299 2074 1539 2130 privatarum

339 2150 444 2192 edita
466 2167 487 2191 a
513 2150 671 2192 Davide
696 2150 843 2192 Minio.
880 2149 1056 2207 Trajecti
1073 2151 1128 2192 ad
1152 2150 1351 2193 Rhenum.
1382 2156 1501 2196 1728,

243 2238 460 2281 *Lexicon
493 2237 638 2280 Chald.
664 2237 858 2279 Talmud.
893 2246 932 2279 et
968 2238 1105 2279 Rabb.
1138 2238 1303 2279 authore
1328 2238 1537 2279 Buxtorfio

342 2316 440 2357 filio.
490 2350 498 2357 .
539 2349 545 2355 .
586 2348 594 2355 .
633 2350 641 2356 .
681 2346 690 2355 .
730 2294 741 2356 .’
778 2345 1218 2356 ..........
1255 2313 1536 2361 Basia1640.

281 2404 461 2446 Lexicon
485 2404 769 2460 Pentaglotton
793 2403 992 2445 Valentini
1016 2403 1256 2445 Schindleri.
1298 2402 1463 2459 Framf.
1488 2403 1543 2444 ad

1184 2480 1390 2531 Moenum,
1423 2481 1540 2522 1612.

281 2573 369 2614 Ben
413 2572 519 2626 Syrae
560 2574 761 2617 sententiae
804 2574 990 2627 morales,
1027 2574 1171 2616 Latine
1213 2573 1357 2615 redidit
1390 2573 1540 2616 Paulus

350 2648 496 2704 Fagius
503 2682 1236 2694 ................
1276 2650 1393 2703 Isnae,
1421 2656 1541 2695 1532.
