1915 3293
874 362 927 405 41

261 494 379 540 turpe
413 492 489 535 est,
525 484 724 531 laborem,
764 497 846 537 qno
885 482 1039 536 parvuli
1077 480 1234 530 ludunt,
1275 479 1433 518 horrere
1470 479 1541 518 ad-

259 564 363 604 ultos
379 563 392 600 ?

876 661 957 707 VI.

322 777 371 819 In
394 776 672 819 Grammatica
696 773 900 816 memoriae
931 772 1216 814 molestissima
1240 780 1301 813 est
1324 769 1541 812 multitudo

256 869 392 894 rerum
415 852 622 899 similium,
649 866 737 892 sese
769 849 1000 891 immediate
1032 847 1399 903 consequentium3
1448 861 1541 887 nam

257 931 351 987 quia
387 933 440 972 ob
479 927 779 971 similitudinem
815 927 933 968 facile
977 929 1294 978 confunduntur,
1329 925 1545 968 difficulter

259 1007 343 1048 sine
383 1005 624 1048 confusione
661 1013 847 1044 tenentur
883 1005 1092 1055 memoria,
1136 1019 1225 1059 qnae
1265 1003 1444 1058 alioquin
1485 1018 1548 1043 res

258 1083 452 1138 plurimas
477 1081 597 1122 facile
622 1080 780 1130 retinet,
806 1079 837 1120 si
864 1080 969 1121 notis
1001 1078 1223 1120 manifestis
1256 1087 1349 1119 sunt
1381 1077 1547 1118 distinc-

256 1167 323 1208 tae,
350 1166 432 1208 aut,
469 1156 502 1197 si
531 1164 625 1197 sunt
653 1155 818 1207 similes,
851 1154 1094 1204 successive,
1131 1162 1171 1194 et
1208 1152 1409 1208 prioribus
1441 1154 1547 1193 bene

256 1232 481 1288 perceptiS‚
521 1247 593 1286 per
629 1230 834 1271 intervalla
867 1224 1206 1280 occurrunt‚‘³aut
1248 1236 1545 1282 proponuntur.

256 1309 341 1349 Res
371 1306 566 1361 exemplo
595 1306 667 1345 fiet
701 1305 871 1359 planior.
929 1304 972 1345 Si
1010 1306 1091 1345 dux
1123 1303 1287 1344 nomine
1320 1312 1478 1354 evocet,
1510 1311 1551 1343 et

253 1384 478 1439 procedere
527 1396 665 1422 coram
711 1395 775 1421 me
815 1381 963 1437 jubeat
997 1379 1137 1434 viginti
1184 1388 1342 1433 septem
1383 1378 1546 1429 milites,

253 1456 446 1498 uniformi
481 1454 627 1496 vestitu
666 1454 845 1505 indutos,
882 1463 922 1495 et
962 1455 1108 1495 eodem
1155 1469 1358 1494 armorum
1400 1469 1547 1508 genere

256 1535 498 1576 instructos:
536 1533 600 1573 vix
626 1531 743 1573 ullius
777 1531 912 1572 militis
948 1531 1095 1572 faciem
1131 1541 1172 1572 et
1194 1547 1342 1572 nomen
1374 1530 1428 1572 ita
1454 1530 1548 1572 reti-

257 1613 381 1658 nebo,
408 1619 450 1651 ut
474 1624 582 1660 eum,
613 1608 849 1663 ubicunque
885 1607 1051 1648 obvium
1081 1608 1279 1657 habuero,
1312 1622 1546 1661 agnoscam,

258 1696 298 1729 et
334 1687 498 1727 nomine
532 1702 606 1728 suo
641 1686 829 1726 salutem.
886 1685 952 1725 Ita
987 1701 1150 1741 quoque
1187 1686 1220 1726 si
1255 1685 1374 1726 tironi
1412 1684 1549 1738 viginti

258 1772 414 1819 septem
454 1765 593 1804 formae
629 1762 907 1803 characterum
949 1760 1237 1811 Hebraeorum,
1277 1769 1346 1801 aut
1379 1761 1548 1802 totidem

257 1841 383 1880 ferme
406 1837 642 1879 inflexiones
667 1836 912 1885 Verborum,
949 1836 1033 1877 sine
1068 1835 1361 1891 interruptione
1397 1852 1550 1891 propo-

257 1924 416 1966 nantur,
454 1913 517 1954 vix
557 1912 779 1968 quidquam
823 1912 1028 1953 memoriae
1070 1910 1413 1952 inhaerebit.—Si
1456 1921 1551 1952 vero

257 1990 325 2031 illa
348 1991 428 2030 dux
461 1987 640 2043 quotidie
669 1986 866 2042 quinque,
893 1995 961 2027 aut
995 2003 1082 2037 sex,
1107 1989 1171 2028 vel
1206 1995 1365 2041 septem
1401 1985 1549 2028 milites

257 2072 416 2115 evocet,
451 2078 599 2118 meque
641 2070 840 2103 attentum
875 2064 1016 2103 reddat
1053 2064 1104 2102 ad
1142 2062 1339 2102 diversam
1375 2063 1549 2103 formam

257 2141 376 2183 faciei
419 2149 460 2182 et
500 2148 687 2190 staturae3
741 2148 887 2189 narret,
935 2140 1042 2179 unde
1081 2138 1151 2179 uni
1193 2138 1357 2179 alterive
1398 2138 1551 2180 venerit

257 2219 345 2260 haec
369 2215 561 2266 cicatrix3
607 2229 696 2270 quae
727 2214 793 2255 hic
831 2223 900 2255 aut
932 2214 1008 2255 iste
1040 2213 1082 2254 in
1116 2214 1186 2256 illo
1218 2214 1373 2270 praelio,
1411 2215 1473 2255 vel
1506 2216 1545 2256 in

259 2290 560 2347 expugnatione
603 2289 708 2330 illius
747 2289 870 2340 urbis,
917 2289 1073 2331 fortiter
1111 2290 1306 2345 gesserit3
1369 2306 1458 2346 quae
1498 2291 1548 2332 sit

262 2367 459 2422 cujusque
484 2364 658 2417 indoles,
680 2380 769 2419 quae
794 2364 973 2413 virtutes,
999 2382 1089 2421 quae
1113 2365 1236 2418 vitia3
1281 2366 1426 2406 deinde
1451 2365 1549 2406 mihi

262 2438 450 2479 exhibeat
487 2438 665 2494 quinque
701 2437 847 2492 spolia,
874 2454 963 2493 quae
998 2438 1040 2479 hi
1067 2438 1213 2479 milites
1248 2438 1431 2479 hostibus
1469 2438 1549 2479 eri-

260 2522 461 2568 puerunt;
509 2515 674 2554 demum
697 2514 818 2554 addat
843 2513 1044 2569 quaepiam
1082 2517 1132 2555 de
1159 2514 1245 2555 acie
1276 2514 1381 2554 illius
1407 2514 1547 2569 praelii,

261 2598 301 2630 et
322 2590 373 2630 de
398 2589 697 2643 expugnatione
724 2589 830 2630 illins
867 2589 999 2631 urbis:
1043 2590 1129 2631 haec
1156 2589 1307 2637 omnia,
1333 2589 1426 2645 quia
1463 2589 1545 2630 dis-

263 2664 418 2716 similia,
461 2675 528 2707 ant
562 2664 665 2706 notis
699 2665 922 2707 manifestis
957 2665 1144 2707 distincta
1181 2673 1287 2715 sunt,
1325 2663 1408 2705 sine
1444 2664 1547 2705 diffi-

879 2738 920 2793 ,ἴ
