1915 3293
928 364 991 408 44

340 498 491 544 potest,
518 490 558 531 in
575 490 751 543 collegio
773 488 913 543 quinto
931 499 1000 530 aut
1023 500 1138 531 sexto
1154 489 1488 532 Grammaticalia
1513 504 1616 543 prae-

336 565 447 606 dicto
471 566 633 620 quidem
669 566 792 606 modo
829 565 1018 620 persequi
1052 573 1227 619 oportet,
1255 567 1323 606 sed
1351 565 1459 606 circa
1492 564 1617 605 finem

336 642 444 682 horae
480 641 708 681 inchoanda
741 648 801 681 est
836 639 1129 694 interpretatio,
1156 655 1245 694 quae
1280 639 1478 694 praebebit
1501 653 1616 679 exer·

334 716 474 758 citium
500 716 702 764 lectionis,
727 725 847 770 atque
886 716 1005 756 simul
1037 714 1250 762 vocabula,
1290 713 1618 768 significationes,

335 803 376 835 et
411 794 601 848 exempla
632 793 817 835 flexionis
854 793 1147 848 suppeditabit.
1216 792 1283 832 Ad
1317 791 1619 846 interpretatio-

332 886 426 911 nem
467 870 717 923 seligendum
741 885 830 910 esse
858 869 1007 910 librum
1041 868 1217 919 facilem,
1246 870 1413 922 planum
1437 876 1477 907 et
1501 882 1620 921 argu-

330 954 469 984 mento
511 960 672 997 gravem
709 953 749 984 et
774 945 1021 998 jucundum,
1057 944 1220 984 aliunde
1255 942 1502 997 intelligitur.
1571 941 1620 982 In

330 1015 376 1056 iis
402 1031 496 1057 vero
523 1015 928 1067 Grammaticalibus,
967 1030 1056 1070 quae
1082 1016 1278 1056 tironibus
1312 1016 1494 1056 nondum
1530 1024 1622 1055 sunt

326 1092 503 1147 cognita,
545 1108 628 1133 non
671 1100 732 1132 est
771 1092 1018 1142 haerendum,
1056 1094 1126 1132 sed
1175 1093 1439 1141 monendum,
1485 1105 1621 1130 rursus

329 1169 415 1208 fore
461 1167 595 1214 obvia,
645 1176 686 1207 et
726 1176 811 1206 tum
854 1168 990 1206 futura
1027 1165 1443 1206 clarissima.-—-Cum
1486 1175 1622 1205 autem

328 1242 452 1283 lectio
490 1240 780 1296 incipientibus
820 1256 903 1281 non
939 1240 990 1281 sit
1026 1240 1157 1281 facilis
1198 1249 1239 1280 et
1274 1238 1480 1294 expedita,
1510 1238 1623 1280 initio

331 1333 462 1372 pauca
487 1316 732 1370 explicanda
756 1325 862 1364 sunt,
890 1324 930 1356 et
954 1316 1057 1356 ultra
1082 1331 1243 1356 versum
1268 1316 1330 1356 vix
1357 1315 1623 1370 progredien-

330 1395 452 1444 dum;
510 1401 631 1446 prout
669 1391 814 1432 deinde
860 1390 1062 1432 discentes
1105 1390 1276 1432 lectioni
1314 1390 1442 1444 magis
1483 1405 1625 1431 assue-

333 1476 469 1515 scunt,
515 1465 663 1506 sensim
699 1467 885 1519 augenda
922 1475 984 1506 est
1022 1466 1315 1519 interpretatio,
1355 1474 1395 1505 et
1428 1465 1623 1519 pauciora

334 1540 669 1584 Grammaticalia
692 1540 1272 1594 exponenda.—-Consultum
1298 1550 1372 1588 est,
1392 1549 1436 1580 ut
1459 1541 1625 1592 tirones,

332 1635 414 1660 non
441 1618 573 1659 solum
609 1615 787 1669 singulas
812 1631 935 1656 voces
960 1631 1056 1656 cum
1081 1614 1390 1669 significatione,
1418 1625 1623 1668 annotent‚

335 1693 421 1738 sed,
447 1689 561 1730 initio
599 1687 757 1737 saltem,
782 1689 1056 1741 fragmentum
1081 1702 1260 1741 quoque,
1298 1689 1409 1741 quod
1440 1687 1625 1741 explica-

335 1775 421 1806 tum
457 1762 548 1809 fuit,
576 1759 761 1815 privatim
797 1759 996 1813 integrum
1034 1759 1277 1807 describant,
1315 1759 1353 1800 id
1392 1759 1546 1815 quippe
1585 1770 1625 1801 et

334 1839 570 1886 lectionem,
615 1845 655 1875 et
702 1834 982 1889 scriptionem,
1020 1843 1061 1874 et
1098 1834 1336 1874 memoriam
1376 1836 1625 1887 permultum

337 1912 554 1969 adjuvabit.
612 1909 819 1950 Monendi
857 1924 980 1963 porro
1016 1918 1124 1958 suut,
1162 1924 1213 1948 ne
1251 1908 1461 1950 orientalia
1499 1908 1625 1951 literis

339 1987 655 2033 occidentalibus
692 1986 881 2032 scribant,
920 1985 989 2039 qui
1024 1984 1131 2025 enim
1158 1984 1198 2024 id
1234 1985 1405 2033 faciunt,
1439 1985 1516 2025 sibi
1547 1986 1626 2040 ipsi

339 2063 633 2119 impedimento
661 2069 766 2106 sunt,
792 2074 868 2099 nec
900 2075 1078 2114 unquam
1103 2058 1276 2099 multum
1300 2060 1501 2113 proficere
1525 2075 1623 2115 pos-

340 2148 448 2181 sunt.

408 2212 503 2255 Hac
528 2212 736 2261 methodo,
772 2210 975 2251 discentes
1010 2219 1105 2263 post
1138 2210 1293 2265 aliquas
1328 2212 1621 2261 hebdomades,

344 2293 376 2333 si
403 2291 526 2333 modo
550 2288 763 2345 quodlibet
777 2286 1012 2341 collegium,
1030 2295 1074 2327 ut
1097 2302 1218 2341 supra
1241 2287 1430 2339 diximus,
1453 2288 1624 2344 diligen-

343 2376 404 2409 ter
426 2363 699 2421 repetiverint,
717 2364 805 2418 jam
841 2361 921 2416 ipsi
954 2377 1036 2402 non
1060 2377 1192 2416 pauca
1220 2364 1270 2403 de
1305 2362 1442 2416 lingua
1474 2364 1626 2406 intelli-

343 2451 453 2498 gent,
502 2448 542 2481 et
578 2455 627 2480 ex
669 2440 748 2479 hoc
797 2436 976 2478 sensibili
1031 2453 1251 2492 progressu
1298 2454 1421 2480 novos
1445 2440 1625 2489 „animos

343 2517 523 2573 capient.
594 2514 705 2555 Tum
745 2528 868 2568 porro
898 2513 1081 2566 augenda
1103 2511 1395 2567 interpretatio,
1432 2524 1471 2554 et
1493 2515 1629 2557 immi-

343 2595 505 2637 nuenda
527 2590 729 2647 expositio
766 2588 1072 2640 Grammaticae‚
1108 2591 1238 2630 donec
1277 2590 1465 2632 absoluta
1492 2592 1627 2642 suerit,

346 2671 455 2727 quod
499 2667 632 2723 spatio
674 2666 854 2723 quinque
894 2666 1197 2707 hebdomadum
1240 2667 1324 2709 sine
1363 2667 1626 2709 incommodo
