1915 3293
885 373 912 414 ἒ)

272 506 441 547 tucatur,
479 504 545 535 aut
575 494 693 535 etiam
732 494 805 534 sibi
840 494 925 548 ipse
957 495 1073 548 plene
1099 487 1560 546 persuadean-—Niliil

272 574 458 626 profecto
478 570 670 625 proderit,
705 586 845 624 urgere
871 569 1152 610 authoritatem
1178 566 1420 620 interpretis,
1447 565 1563 619 cujus

270 646 440 686 versioni
463 645 577 686 inniti
609 661 649 686 se
675 661 796 700 posse
833 645 1020 699 opinatus
1046 646 1195 693 fuerat,
1232 658 1323 682 nam
1349 651 1436 682 esto
1460 640 1566 682 Hie-

269 736 475 773 ronymus,
510 730 577 761 aut
602 720 702 761 alius
727 717 996 774 quiscunque,
1025 717 1277 769 Hieronymo
1310 716 1429 768 longe
1465 716 1566 754 doc-

270 795 363 845 tior,
393 806 432 836 et
467 795 759 851 perspicacior,
796 804 835 835 et
868 793 1109 847 diligentior,
1134 803 1188 842 et,
1210 792 1242 833 si
1266 791 1414 846 placet,
1447 790 1567 831 etiam

271 871 459 920 sanctior,
490 871 616 912 multa
650 880 798 921 tamen,
834 885 924 924 quae
948 869 1137 909 didicisse
1171 876 1420 922 oportuerat,
1452 865 1567 920 igno-

270 947 384 996 ravit,
412 963 486 988 nec
523 962 676 994 eorum,
712 961 800 1000 quae
837 945 962 995 novit,
991 945 1101 985 omni
1126 954 1325 999 tempore,
1358 959 1439 998 quo
1464 957 1569 996 opus

271 1029 370 1070 erat,
410 1019 610 1069 meminit,
647 1035 728 1060 non
766 1035 853 1060 raro
890 1035 1053 1074 quoque
1091 1019 1269 1059 animum
1293 1019 1408 1073 justo
1441 1016 1572 1056 minus

268 1096 516 1146 intendebat,
543 1105 663 1150 atque
696 1097 815 1135 verba
840 1094 940 1135 sacri
969 1093 1174 1149 scriptoris
1200 1092 1458 1141 inconcinne,
1484 1106 1572 1131 am·

272 1171 412 1226 bigue,
447 1180 516 1212 aut
551 1171 772 1225 incongrue
810 1170 1000 1220 reddidit3
1030 1170 1154 1210 homo
1186 1168 1292 1209 enim
1321 1183 1414 1208 cum
1440 1166 1573 1217 fuerit,

277 1246 398 1287 errori
422 1245 641 1295 obnoxius,
670 1261 751 1285 non
777 1244 910 1298 potuit
934 1259 1014 1284 non
1043 1243 1135 1284 liinc
1161 1243 1253 1283 inde
1289 1258 1310 1282 a
1347 1258 1466 1282 sensu
1503 1257 1574 1282 au-

275 1322 399 1362 thoris
425 1323 625 1371 aberrare,
651 1328 690 1359 et
716 1319 857 1359 vitiose
894 1329 1058 1368 vertere,
1092 1319 1219 1373 quod,
1257 1316 1327 1357 ubi
1366 1315 1573 1365 acciderit,

274 1396 500 1452 linguarum
531 1395 639 1436 rudis
674 1394 901 1435 discernere
932 1394 1085 1449 nequit.
1147 1392 1266 1433 Unde
1299 1389 1577 1445 consequitur,

274 1473 528 1526 theologum,
565 1470 635 1526 qui
677 1470 833 1524 linguas
870 1470 1051 1511 Biblicas
1087 1484 1169 1510 non
1209 1467 1341 1519 callet,
1378 1468 1428 1507 de
1459 1466 1573 1507 nullo

280 1550 468 1590 versionis
495 1551 601 1595 loco,
624 1563 671 1588 an
697 1562 777 1587 non
803 1546 933 1587 subsit
958 1562 1065 1587 error
1090 1545 1331 1601 interpretis,
1360 1546 1578 1585 decernere

279 1642 419 1680 posse.

349 1701 490 1742 Nolim
533 1699 721 1755 equidem
765 1713 859 1740 curn
898 1697 1055 1737 Isidoro
1105 1696 1229 1738 Claro
1264 1712 1504 1746 asseverare,
1541 1695 1581 1736 in

280 1786 415 1818 nostra
450 1775 631 1816 versione
655 1775 832 1829 Vulgata
868 1788 957 1813 esse
993 1770 1203 1824 octoginta
1232 1770 1356 1810 millia
1391 1784 1583 1817 errorum,

287 1856 355 1895 sed
392 1869 524 1908 neque
569 1867 756 1893 caussam
798 1850 920 1905 hujus
963 1846 1155 1888 versionis
1203 1856 1342 1887 contra
1380 1845 1502 1886 talem
1536 1861 1586 1902 ac

283 1939 439 1969 tantum
473 1938 654 1969 actorem
677 1925 797 1966 facile
829 1923 1095 1978 susceperim.
1145 1922 1340 1963 Attamen
1367 1922 1470 1962 ultro
1494 1920 1583 1961 cui-

282 2004 380 2044 libet
414 2003 534 2044 facile
568 2004 689 2052 dabo,
715 1999 904 2054 plurima,
945 2001 1006 2039 vel
1041 1998 1161 2038 etiam
1195 1997 1389 2052 pleraque
1421 1996 1459 2036 in
1493 2010 1583 2036 om-

286 2077 404 2118 nibus
430 2074 658 2117 Bibliorum
685 2073 935 2114 versionibus
960 2080 1068 2113 recte
1103 2087 1191 2112 esse
1223 2072 1424 2117 translata,
1459 2085 1506 2110 ac
1542 2069 1583 2109 in

285 2151 520 2194 melioribus
554 2149 748 2205 pauciora
779 2163 943 2203 quoque
979 2156 1019 2187 et
1056 2144 1272 2186 minutiora
1308 2160 1396 2185 esse
1432 2152 1585 2194 errata3

285 2243 423 2269 verum
449 2241 522 2280 per
551 2225 592 2265 id
615 2240 691 2264 nec
721 2223 889 2269 tollitur,
920 2237 994 2263 nec
1020 2221 1257 2268 infirmatur,
1283 2222 1393 2275 quod
1430 2219 1586 2261 dictum

287 2303 387 2354 fuit3
422 2317 514 2343 uam
547 2316 640 2341 cum
667 2299 775 2340 nulla
799 2297 929 2339 versio
959 2297 1042 2338 sine
1077 2296 1179 2338 vitiis
1203 2295 1267 2347 sit,
1294 2295 1585 2337 inconcussum

288 2389 436 2431 manet,
473 2376 710 2431 theologum
746 2375 973 2429 linguarum
1012 2384 1223 2429 expertem
1258 2388 1341 2413 non
1378 2388 1501 2427 posse
1536 2373 1586 2412 de

288 2455 469 2496 versione
493 2452 612 2494 ullius
630 2451 711 2492 loci
737 2467 825 2494 esse
851 2459 1022 2501 certum,
1047 2449 1141 2506 quia
1165 2465 1241 2490 nec
1266 2456 1375 2489 recte
1398 2448 1587 2488 translata

291 2548 312 2571 a
353 2528 503 2570 vitiosis
538 2527 782 2578 discernere,
804 2540 953 2580 neque,
990 2540 1063 2566 cur
1095 2525 1162 2565 illa
1185 2533 1310 2571 recta,
1336 2524 1423 2563 haec
1447 2521 1589 2563 vitiosa

292 2605 386 2657 sint,
426 2602 658 2658 perspicere
703 2610 851 2656 potest,
893 2611 1014 2655 atque
1047 2600 1100 2642 ita
1137 2600 1176 2640 in
1217 2597 1393 2639 tenebris
1431 2598 1584 2652 palpat.

292 2680 509 2722 versiones
536 2694 699 2734 quoque
724 2677 926 2729 meliores,
953 2677 1036 2718 sine
1062 2685 1169 2717 vasta
1195 2684 1234 2716 et
1258 2674 1394 2716 subtili
1429 2675 1586 2727 lingua-

930 2753 950 2789 lt
