1915 3293
791 367 1104 397 ensal-*Ario
1540 349 1589 397 iii

290 474 455 524 haerere,
474 482 515 514 ut
535 473 596 514 vix
612 473 831 529 quicquam
845 474 1093 515 discentibus
1114 481 1361 527 proponant,
1378 471 1451 512 nisi
1474 474 1582 526 quod

287 565 309 589 e
347 565 457 604 penu
494 549 739 598 Rabbinico,
778 550 884 591 haud
921 566 1016 591 sane
1052 543 1391 604 locupletissimo,
1428 549 1582 588 dudunt

287 623 519 672 hauserint;
549 623 695 678 lingua}
736 624 862 678 ipsius
901 641 991 665 vera
1022 623 1310 664 constitutione
1343 626 1584 678 plerumque

287 698 535 752 posthabita.
609 699 718 740 Hinc
751 697 911 753 scopuli
950 699 1005 739 illi
1041 700 1160 754 plane
1196 699 1407 747 innumeri,
1438 699 1585 754 quibus

286 771 383 813 boni
406 772 463 813 illi
487 773 841 815 Grammaticastri
869 777 1010 815 orbem
1031 774 1254 818 ,literarium
1282 774 1350 815 diu
1376 775 1584 824 vexarunt,

288 847 524 903 pluresque,
566 852 615 890 de
658 849 794 903 lingua
833 865 947 891 sacra
982 852 1233 906 assequenda
1271 851 1582 905 desperatiores,

286 938 408 977 quam
434 925 636 966 doctiores
663 925 907 966 rediderunt.

354 1000 459 1045 Quae
484 1016 578 1041 cum
602 1001 656 1042 ita
679 1002 771 1053 sint,
796 1017 918 1042 nemo
943 1001 1150 1042 mirabitur
1174 1002 1330 1043 Literas
1358 1002 1585 1044 Hebraicas

287 1078 394 1130 apud
432 1092 506 1117 nos
536 1076 576 1117 iu
608 1078 917 1119 desuetudinem
947 1079 1029 1118 fere
1064 1077 1222 1119 abiisse.
1293 1078 1398 1118 Sunt
1431 1087 1583 1129 tamen,

285 1150 353 1204 qui
385 1160 426 1191 et
449 1152 525 1192 hac
549 1152 735 1206 palaestra
759 1153 856 1193 clari
887 1162 1115 1199 evaserunt,
1142 1152 1211 1207 qui
1237 1162 1277 1193 et
1300 1152 1399 1194 alios
1427 1153 1583 1193 erudire

286 1226 392 1266 haud
425 1227 630 1281 dedignati
655 1237 771 1278 sunt3
820 1230 889 1268 sed
921 1242 1041 1282 quam
1069 1226 1202 1280 pauci,
1223 1227 1413 1282 judicent
1442 1228 1482 1279 ii,
1515 1227 1583 1282 qui

285 1318 368 1343 rem
394 1303 571 1357 penitius
597 1312 908 1357 perspexerunt.

351 1380 479 1435 Apud
506 1396 644 1435 aequos
674 1395 807 1420 rerum
839 1379 1103 1420 aestimatores
1128 1380 1207 1420 hoc
1244 1395 1319 1434 pro
1355 1388 1442 1421 rato
1468 1395 1584 1421 corn-

285 1463 485 1510 pertoque
525 1455 593 1496 diu
636 1455 819 1496 habitum
860 1463 935 1502 est,
981 1463 1038 1504 ut,
1083 1453 1253 1505 scilicet,
1297 1470 1378 1510 quo
1422 1455 1584 1509 parcius

285 1547 348 1572 ars
380 1530 531 1586 quaevis
557 1532 779 1580 excolatur,
804 1546 854 1570 eo
888 1529 1184 1571 numerosiores
1218 1530 1243 1570 ii
1274 1546 1362 1571 sese
1396 1532 1582 1584 prodant,

283 1605 353 1660 qui
377 1607 466 1661 ejus
492 1605 670 1658 magistri
694 1605 831 1645 haberi
856 1603 1010 1644 volunt.
1074 1603 1123 1644 In
1150 1621 1191 1645 re
1219 1605 1428 1646 Hebraica
1451 1605 1505 1646 ita
1541 1621 1582 1648 se

283 1681 450 1722 omnino
472 1696 535 1721 res
558 1681 695 1720 habet.
733 1679 864 1721 Novae
889 1679 997 1720 enim
1017 1679 1144 1720 indies
1172 1680 1400 1721 Bibliorum
1420 1690 1584 1722 sancto-

283 1773 372 1799 rum
410 1758 613 1798 cuduntur
648 1755 864 1806 versiones,
899 1771 988 1811 quae
1014 1771 1094 1797 nou
1133 1757 1257 1797 modo
1282 1765 1414 1797 vetera
1448 1757 1583 1798 onmia

283 1835 489 1874 destruere
514 1841 711 1886 pergunt:
753 1833 824 1871 sed
857 1841 897 1871 et
933 1830 1147 1881 Lectores,
1182 1832 1279 1871 dum
1319 1831 1463 1879 omnia,
1489 1834 1581 1873 luce

285 1907 453 1949 clariora
489 1905 750 1961 pollicentur,
777 1906 952 1947 tenebris
988 1906 1205 1961 plusquam
1234 1906 1470 1961 Egyptiacis
1506 1911 1582 1948 ob·-

282 1985 443 2026 volvere
491 1990 688 2036 satagunt.
771 1981 912 2037 Hujus
968 1981 1024 2022 rei
1085 1990 1209 2022 testes
1269 1982 1583 2036 locupletissimi

281 2068 421 2102 nostro
460 2073 546 2098 aevo
590 2056 756 2098 minime
794 2058 957 2107 desunt,
995 2056 1064 2111 qui
1096 2055 1266 2110 Linguae
1313 2065 1479 2107 sanctae,
1525 2058 1580 2098 uti

282 2136 380 2178 mihi
424 2133 588 2191 quidem
629 2132 798 2183 videtur,
835 2131 897 2172 vix
937 2131 1128 2183 Tirones,
1165 2131 1362 2172 dialectos
1399 2132 1578 2174 Hebrai—

283 2228 341 2255 cae
384 2210 555 2253 sororias
600 2224 756 2259 omnes,
798 2224 969 2264 quarum
1013 2224 1089 2249 nec
1129 2224 1249 2249 unam
1284 2209 1444 2260 callent,
1484 2225 1578 2250 cum

283 2286 548 2337 versionibus,
588 2294 673 2326 tum
708 2292 904 2333 veterum,
945 2292 1030 2325 tum
1077 2283 1362 2335 recentiorum,
1405 2300 1579 2339 pessun-

282 2365 376 2406 dare
409 2362 546 2405 conati
575 2370 682 2412 sunt,
713 2377 761 2402 ac
789 2360 1009 2403 etiamnum
1036 2370 1247 2402 conantur.
1299 2361 1427 2416 Atqui
1448 2370 1581 2403 vetera

284 2447 439 2481 tanturn
474 2440 679 2480 destruere
711 2435 943 2492 hujusmodi
980 2436 1179 2491 magistris
1211 2436 1482 2492 nequicquam
1518 2447 1581 2478 est

283 2516 465 2563 solenne,
486 2512 563 2555 nisi
585 2521 624 2554 et
639 2512 873 2565 Babylones
898 2527 989 2553 suas
1008 2513 1058 2552 ad
1080 2511 1229 2552 coelum
1257 2526 1385 2566 usque
1401 2520 1578 2564 evectas,

284 2590 464 2631 omnium
503 2588 706 2644 applausu
742 2587 1019 2642 excipiendas,
1055 2587 1199 2628 iterum
1226 2588 1423 2639 condant3
1463 2603 1579 2629 men-

284 2675 447 2720 temque
473 2680 700 2720 perversam
734 2662 1184 2719 pervicacissimamque
1218 2678 1345 2715 suam,
1380 2663 1575 2716 mysteriis
