1915 3293
950 362 1014 408 28

340 479 457 530 “lia,
501 482 639 523 docere
685 483 794 539 quod
836 484 1014 539 ignores,
1057 484 1140 525 imo
1190 493 1232 526 ut
1277 500 1370 526 cum
1411 486 1623 526 stomacho

335 555 361 575 “
386 556 540 611 loquar,
592 559 801 615 nequidem
831 558 901 602 hoc
938 560 1050 610 scire,
1092 560 1200 614 quod
1240 559 1625 602 nescias.''—Haec

334 632 575 687 Hieronymi
625 635 797 690 epistola
855 642 999 674 nostrae
1047 634 1222 675 versioni
1268 635 1438 689 vulgatae
1480 636 1626 690 juncta

330 718 404 756 est,
444 720 483 750 et
519 726 614 751 cum
649 711 737 766 ipsa
773 710 868 752 olim
906 710 1022 751 toties
1058 709 1362 752 describebatur
1386 727 1408 751 a
1431 709 1620 758 librariis,

329 783 570 840 plerumque
594 785 819 834 monachis,
846 795 886 827 et
910 801 1017 826 nunc
1052 785 1251 840 impressa
1284 797 1346 826 est
1368 785 1408 825 in
1443 785 1624 840 qualibet

330 859 508 901 editione
552 861 745 902 versionis
793 863 984 915 vulgatae3
1045 876 1178 915 neque
1218 870 1352 901 tamen
1400 861 1618 902 vehemens

327 935 413 975 haec
452 935 579 976 sancti
618 936 749 976 Patris
791 936 1000 986 invectiva,
1045 952 1093 976 ex
1135 937 1408 977 somnolentia
1449 936 1627 977 excitare

326 1011 461 1064 potuit
485 1011 589 1052 viros
621 1011 940 1059 ecclesiasticos,
975 1022 1019 1052 ut
1049 1011 1349 1066 diligentiorem
1383 1011 1528 1053 Bibliis
1553 1027 1627 1052 na-

325 1096 462 1127 varent
509 1103 702 1142 opera1n3
744 1103 898 1138 verum,
943 1086 1045 1128 sicut
1090 1087 1223 1128 Biblia
1264 1088 1364 1142 ipsa,
1404 1087 1458 1127 ita
1499 1086 1623 1127 etiam

332 1164 438 1204 hanc
466 1163 710 1216 Hieronymi
748 1164 963 1217 epistolam
1001 1179 1085 1203 non-
1126 1164 1329 1216 legebant,
1357 1179 1434 1204 nec
1466 1163 1501 1204 si
1524 1165 1628 1204 forte

324 1239 523 1292 legerunt,
550 1239 781 1292 expendere
817 1237 969 1292 dignati
1007 1248 1114 1278 sunt.
1176 1237 1287 1278 Hinc
1320 1239 1451 1278 adhuc
1490 1247 1627 1280 nostra

325 1324 442 1355 aetate
466 1314 743 1355 necessarium
769 1313 859 1361 fuit,
887 1323 930 1354 ut
967 1315 1077 1368 leges
1115 1314 1252 1354 civiles
1283 1314 1427 1355 iterum
1456 1314 1627 1356 iterum-

326 1403 406 1442 que
447 1394 674 1434 monerent,
719 1395 840 1440 atque
883 1386 1004 1427 etiam
1049 1385 1276 1441 impensius
1323 1396 1526 1441 urgerent,
1576 1404 1629 1428 ne

327 1462 513 1503 subtilius
574 1461 804 1503 Bibliorum
844 1462 1037 1511 studium,
1084 1478 1131 1502 ac
1176 1462 1405 1516 linguarum
1461 1463 1630 1504 scientia

327 1537 611 1592 negligeretur,
649 1538 759 1592 quod
799 1553 849 1577 an
885 1537 1018 1577 ordini
1061 1536 1343 1578 ecclesiastico
1382 1538 1431 1578 sit
1468 1538 1630 1588 honori,

327 1613 498 1655 viderint
532 1613 603 1663 illi,
628 1612 697 1667 qui
722 1612 953 1666 opinantur,
987 1611 1212 1653 consultius
1246 1629 1351 1661 esse,
1387 1622 1431 1654 ut
1455 1615 1628 1670 juvenes

329 1688 509 1742 theologi
534 1687 760 1729 versionem
785 1687 1026 1735 Bibliorum,
1054 1688 1139 1728 sine
1163 1698 1362 1742 apparatu
1387 1688 1629 1742 linguarum,

329 1763 526 1819 explicari
550 1762 748 1814 audirent,
773 1779 850 1803 nec
877 1779 949 1803 sua
982 1762 1204 1804 attentione
1230 1764 1398 1817 dignum
1424 1774 1629 1819 reputant,

329 1841 371 1881 id
392 1847 529 1880 nostra
553 1847 670 1879 aetate
697 1837 861 1879 minime
891 1839 1094 1890 sufficere,
1127 1849 1167 1880 et
1189 1855 1322 1894 neque
1349 1839 1448 1894 ipsis
1465 1841 1631 1894 juveni-

328 1919 406 1957 bus
443 1914 691 1961 satisfacere,
731 1914 812 1968 qui,
857 1930 930 1968 per
972 1914 1105 1955 studia
1148 1914 1420 1969 philosophiae
1465 1916 1628 1965 assueti,

331 1995 381 2034 de
414 1990 603 2032 omnibus
632 1989 792 2030 assertis
817 1990 1013 2031 rationem
1051 1990 1267 2046 requirere,
1302 2007 1487 2032 caussam
1525 2008 1631 2046 quo-

332 2085 412 2125 que
436 2065 630 2107 versionis
655 2075 694 2106 et
721 2064 1017 2120 explicationis,
1043 2082 1114 2106 sua
1143 2074 1290 2120 sponte
1323 2065 1502 2120 exigent,
1540 2077 1622 2115 aut,

334 2155 378 2187 ut
413 2143 589 2197 exigant,
629 2144 903 2182 monebuntur
929 2144 978 2182 ab
1018 2141 1271 2197 adversariis,
1308 2150 1430 2197 atque
1462 2142 1502 2183 id
1538 2143 1628 2199 qui-

333 2223 428 2263 dem
451 2219 572 2260 etiam
608 2217 650 2257 in
673 2217 792 2265 locis,
829 2233 917 2272 quae
960 2227 1052 2259 sunt
1085 2217 1251 2258 maximi
1289 2218 1515 2270 momenti,
1569 2230 1629 2261 ast

332 2301 410 2340 hac
435 2299 484 2338 de
522 2312 563 2336 re
581 2295 670 2349 jam
710 2310 833 2350 supra
867 2294 1018 2335 affatim
1050 2295 1206 2336 dictum
1247 2294 1471 2336 fuite-—L't
1494 2305 1629 2337 autem

339 2373 487 2421 clerici,
525 2370 793 2424 intelligentes
833 2369 1084 2424 scripturam
1126 2386 1299 2421 sacram,
1344 2373 1541 2413 accedant
1579 2375 1628 2413 ad

335 2465 503 2493 munera
532 2445 820 2494 ecclesiastica,
852 2455 990 2487 votum
1028 2455 1089 2488 est
1121 2456 1161 2487 et
1194 2456 1377 2488 nostrum
1415 2458 1456 2489 et
1487 2450 1629 2490 adver-

340 2526 555 2575 sariorum3
597 2522 800 2578 potiemur
825 2538 918 2563 vero
955 2538 1004 2564 eo
1040 2522 1170 2564 multo
1206 2521 1383 2576 plenius,
1421 2523 1452 2564 si
1484 2525 1627 2566 arche-

337 2608 479 2654 typum
514 2604 755 2652 exponatur,
793 2605 831 2636 et
860 2594 1063 2637 auditores
1100 2594 1182 2636 suis
1219 2595 1401 2650 partibus
1439 2613 1521 2638 non
1556 2599 1627 2638 de-

320 2674 498 2718 fuerint.
585 2673 742 2715 Caussa
784 2671 932 2727 itaque,
982 2688 1052 2714 cur
1099 2671 1310 2713 adversarii
1356 2671 1469 2725 illud,
1518 2674 1626 2727 quod
