1915 3293
278 362 320 409 iv
753 378 1064 412 PRAEFA'rlo.

257 484 416 539 'nescio
463 483 610 539 quibus
656 494 893 534 tumentem,
941 488 1052 529 omni
1098 497 1195 539 arte,
1243 503 1322 544 qua
1369 489 1569 546 ejusmodi

273 560 446 611 inscitia,
476 570 545 602 aut
579 561 634 602 uti
659 570 727 602 aut
761 561 872 602 abuti
897 572 1034 617 queat,
1065 563 1219 605 caeteris
1239 564 1428 606 omnibus
1453 564 1570 619 inge-

271 652 357 677 rere
383 645 552 690 pergant
573 646 694 693 atque
719 637 949 678 collineent.

337 711 571 752 lWaximum
623 721 757 752 tamen
807 711 1065 767 Reipublicae
1113 714 1305 755 damnum
1349 714 1442 757 inde
1489 731 1570 757 non

271 787 461 840 exoritur,
487 790 596 844 quod
622 788 857 844 hujusmodi
883 789 1128 844 Interpretes
1153 790 1330 831 malefidi
1354 807 1401 832 ac
1427 792 1570 833 tumidi

269 878 358 904 sese
381 863 474 904 hinc
509 863 601 905 inde
624 865 818 918 prodant3
862 865 932 904 sed
964 866 1073 920 quod
1099 864 1169 906 viri
1193 865 1455 912 cordatiores.
1482 882 1569 907 me-

270 937 384 988 liora,
416 938 472 979 uti
496 954 569 993 par
592 948 667 986 est,
695 938 967 993 exquirentes,
987 948 1108 994 atque
1125 941 1227 981 adeo
1254 955 1376 981 omne
1394 940 1572 992 conatui,

264 1013 336 1069 qui
367 1013 521 1054 veritati
560 1030 683 1055 sacrae
725 1029 998 1068 propugnare,
1034 1025 1102 1057 aut
1136 1030 1283 1056 novam
1313 1017 1408 1055 dare
1432 1014 1569 1056 lucem

266 1088 463 1137 videatur,
501 1088 715 1131 subvenire
739 1090 934 1141 volentes,
957 1090 997 1133 in
1022 1106 1198 1132 errorem
1224 1090 1418 1132 facillime
1441 1092 1571 1131 addu-

268 1173 444 1216 cuntur3
480 1175 617 1220 atque,
641 1167 737 1205 dum
777 1164 815 1205 id
854 1167 964 1220 quod
1003 1169 1159 1207 bonum
1184 1176 1245 1207 est
1269 1182 1316 1206 ac
1352 1166 1570 1206 honestum

270 1238 514 1294 patrocinari
556 1241 759 1290 studeant,
804 1239 842 1279 in
879 1241 1072 1294 scopulos
1116 1240 1362 1295 impingunt,
1403 1249 1572 1282 caetero·

266 1330 437 1369 rumque
463 1315 642 1356 fortassis
666 1314 761 1355 fidei
778 1316 984 1370 jacturam
1010 1315 1178 1357 faciunt.

341 1388 398 1429 Ex
427 1390 549 1429 altera
585 1405 677 1429 vero
715 1398 828 1443 parte
853 1399 945 1430 sunt
965 1390 1005 1445 ii,
1028 1391 1113 1447 qui,
1139 1392 1340 1447 ejusmodi
1366 1392 1574 1448 Interpre-

270 1474 355 1506 tum
375 1465 589 1511 conatibus
615 1467 836 1521 despectiS,
875 1483 1039 1509 omnem
1065 1469 1200 1511 statim
1225 1471 1277 1511 de
1305 1470 1428 1511 sacris
1451 1470 1573 1511 literis

269 1557 409 1582 curam
434 1541 704 1597 abjiciendam
745 1551 903 1595 putant,
951 1545 1188 1595 clamantes,
1229 1545 1287 1585 nil
1323 1554 1455 1586 tutum
1497 1545 1574 1586 nisi

265 1617 395 1670 quod,
423 1625 491 1656 aut
514 1631 537 1655 a
574 1615 808 1670 {Majoribus
833 1614 1048 1667 traditione
1075 1619 1250 1672 quadam
1281 1619 1576 1673 acceperimus,

273 1699 341 1730 ant
372 1689 561 1730 diuturno
586 1690 750 1729 demum
777 1704 852 1729 usu
870 1690 959 1744 jam
987 1705 1145 1731 sacrum
1173 1700 1442 1747 sanctumque
1479 1710 1575 1734 eva·

275 1762 397 1802 serit:
445 1776 692 1816 omnemque
732 1761 907 1816 denique
952 1778 1083 1817 spem,
1119 1762 1200 1805 sive
1242 1766 1292 1806 de
1343 1766 1574 1807 rotundiore

276 1846 409 1877 textus
446 1836 549 1877 sacri
590 1852 723 1894 sensu,
764 1836 847 1877 sive
879 1839 929 1878 de
967 1847 1098 1880 textus
1129 1839 1256 1894 ipsius
1292 1842 1575 1883 emendatione

278 1913 417 1954 critica
453 1914 624 1967 posthac
670 1916 937 1969 assequenda,
983 1915 1178 1957 eliminari
1215 1917 1376 1971 penitus
1409 1919 1573 1961 debere.

277 1988 336 2028 At
371 1997 633 2042 utrorumque
676 2004 779 2042 pace
817 1989 1050 2041 dixerimus,
1087 2007 1159 2031 sua
1203 2001 1349 2045 postea
1391 1994 1578 2034 adfutura

278 2064 406 2104 labori
430 2064 705 2105 emolumenta
725 2081 852 2106 sacra.
899 2065 1054 2106 Veritas
1076 2065 1311 2120 ignavorum
1335 2067 1577 2124 plerumque

281 2139 495 2181 conamina
520 2138 642 2193 fugit;
666 2155 740 2180 nec
762 2155 784 2179 a
804 2140 998 2195 quopiam
1020 2141 1235 2195 capienda,
1260 2141 1336 2183 nisi
1355 2142 1424 2198 qui
1442 2154 1577 2185 mente

283 2218 465 2266 subacta,
505 2214 746 2270 judicioque
789 2215 944 2269 peracri
982 2232 1103 2271 quam
1148 2217 1365 2272 plurimum
1409 2221 1574 2274 polleat.

285 2291 425 2335 Multa
450 2306 545 2352 sane
569 2290 607 2330 in
633 2290 769 2331 lucem
794 2291 890 2334 olim
927 2293 1180 2348 protulerunt
1207 2293 1452 2345 Pocockius,
1493 2295 1577 2336 Bo·

286 2370 460 2418 chartus,
485 2365 704 2422 Castellus,
727 2367 942 2421 caeterique
960 2383 1099 2408 eorum
1125 2383 1147 2408 a
1172 2367 1296 2423 stirpe
1316 2369 1451 2420 multi,
1474 2385 1576 2425 quo·

287 2463 374 2487 rum
399 2444 561 2486 nomina
585 2444 750 2499 longum
776 2453 883 2485 esset
902 2460 1127 2486 recensere.
1186 2445 1239 2486 Et
1262 2445 1388 2486 multa
1413 2448 1579 2500 procul-

285 2524 411 2567 dubio
436 2524 475 2564 in
499 2525 633 2564 lucem
659 2530 801 2576 postea
833 2523 1038 2576 proferent
1062 2521 1102 2572 ii,
1130 2522 1198 2576 qui
1223 2521 1334 2562 alteri
1360 2522 1576 2574 Pocockii,

287 2598 494 2648 Bocharti,
510 2604 589 2638 &c.
613 2596 735 2638 futuri
757 2606 863 2647 sunt,
881 2606 934 2644 et,
956 2607 1147 2653 tanquam
1173 2598 1279 2638 soles
1303 2597 1446 2638 melius
1471 2598 1573 2639 reni-

286 2682 430 2720 tentes,
456 2674 595 2713 orbem
628 2688 699 2713 sna
723 2672 815 2713 luce
842 2681 933 2713 sunt
957 2672 1201 2715 illustraturi.
