1915 3293
969 369 1031 415 76

328 491 495 534 *Clavis
541 492 784 534 Talmudica
822 492 1097 546 complectens
1145 490 1348 541 formulas,
1388 492 1495 541 loca,
1542 492 1619 532 διε.

423 565 645 621 priscorum
683 565 936 614 Judaeorum‚
975 580 1047 619 per
1072 562 1380 605 Constantinum
1411 563 1621 618 L’Empe-

421 659 510 684 reur
515 672 1149 685 ..............
1202 641 1336 697 Lugd.
1369 642 1470 684 Bat.
1501 643 1620 684 1634.

326 743 572 798 *Praecepta
624 743 813 785 Mosaica
857 744 925 795 63,
978 758 1072 783 cum
1125 739 1406 782 Rabbinorum
1460 739 1621 796 exposi-

426 820 533 862 tione
559 819 669 861 Heb.
693 829 732 861 et
756 820 848 861 Lat.
899 850 1289 859 .........
1340 815 1474 867 Basil,
1504 822 1621 858 1533,

360 917 478 959 Pirke
509 918 694 959 Abboth.
754 917 803 957 P.
834 916 979 971 Fagius
986 947 1184 957 .....
1274 946 1284 955 .
1322 949 1330 956 .
1361 915 1470 964 Isnae,
1508 920 1625 957 1541.

362 1004 648 1046 Kalendarium
674 1003 785 1045 Heb.
820 1004 943 1045 edidit
967 1005 1170 1063 Munster.
1220 1036 1230 1045 .
1270 1035 1280 1045 .
1336 1003 1472 1055 Basil,
1504 1008 1625 1050 1527.

361 1103 623 1159 Paraphrasis
645 1103 703 1144 D.
729 1102 756 1144 J
760 1104 902 1159 osephi
926 1104 1089 1146 Iachide
1103 1104 1143 1145 in
1168 1104 1382 1146 Danielem
1408 1121 1501 1147 cum
1524 1121 1625 1147 vers.

425 1189 464 1220 et
485 1179 590 1220 notis
615 1179 760 1221 Const.
784 1178 1079 1235 L'Empereur.
1110 1217 1117 1223 .
1160 1213 1168 1221 .
1208 1214 1216 1221 .
1258 1213 1266 1222 .
1303 1180 1473 1222 Amstel.
1502 1183 1623 1224 1638.

359 1276 568 1328 Mischna,
590 1285 752 1319 curante
768 1277 1029 1329 Surenhusio,
1048 1293 1168 1332 supra
1183 1277 1344 1319 laudata
1356 1277 1449 1325 (vid.
1469 1277 1631 1333 Antiq.>

362 1375 553 1424 Gemara,
587 1375 766 1417 Talmud
805 1375 1045 1430 Babylonici
1080 1392 1172 1432 pars
1206 1392 1366 1431 magna,
1403 1376 1491 1418 vide
1527 1376 1627 1418 anti-

426 1449 595 1505 quitates
621 1449 747 1491 Blasii
770 1449 952 1504 Ugolini.
985 1454 1122 1504 (supra
1146 1449 1328 1497 laudati.)

361 1546 485 1588 Liber
510 1544 640 1596 Cosri,
664 1547 807 1587 edente
831 1545 1019 1587 Johanne
1046 1545 1260 1589 Buxtorfio
1283 1547 1382 1588 filio.
1411 1581 1419 1589 .
1450 1580 1459 1589 .
1489 1547 1625 1600 Basil,

1509 1625 1629 1668 1660.

362 1725 575 1779 Synagoga
620 1721 793 1764 Judaica
839 1722 1038 1764 Buxtorfii
1081 1722 1225 1764 Patris.
1284 1721 1422 1774 Basil,
1466 1724 1627 1779 (saepius

424 1803 596 1850 recusa.)

363 1898 447 1946 Qui
468 1900 583 1953 plura
606 1898 847 1950 desiderant,
883 1900 1026 1939 adeant
1062 1897 1258 1940 Biblioth.
1294 1898 1542 1940 Hebraicam
1572 1899 1625 1940 cl.

423 1973 576 2023 Wolfii,
597 1974 659 2015 vel
682 1973 801 2016 etiam
827 1974 1126 2016 Bibliothecam
1149 1991 1336 2031 magnam
1358 1975 1625 2018 Rabbinicam

422 2053 686 2106 Bartoloccii,
711 2069 833 2109 supra
855 2055 1075 2095 laudatam.

833 2336 995 2388 SEc'r.
1033 2337 1174 2390 XII.

644 2480 716 2516 DE
756 2479 962 2516 LINGUA
1003 2479 1334 2518 CHALDAICA.

331 2596 644 2640 *Grammatica
681 2595 931 2637 Harmonica
964 2595 1161 2637 Ludovici
1191 2594 1258 2636 De
1295 2593 1420 2646 Dieu,
1446 2609 1500 2636 sc.
1533 2593 1622 2635 He-

431 2675 573 2725 braica,
600 2673 835 2726 Chaldaica,
857 2683 895 2715 et
917 2673 1091 2726 Syriaca.
1132 2707 1138 2713 .
1178 2671 1314 2729 Lugd.
1330 2671 1481 2715 Bataz'.
1504 2671 1619 2714 1628.
