1915 3293
679 752 1174 805 PRAEFATIO.

855 970 1020 989 *-

282 1091 448 1149 QUUM
466 1098 763 1140 Auditoribus⁸
795 1101 894 1141 meis
913 1102 1156 1155 jamdudum
1185 1099 1393 1154 pollicitus
1417 1099 1577 1149 fuerim,

282 1189 349 1214 me
372 1173 589 1229 aliquando
617 1175 809 1228 Syllogen
836 1174 1054 1215 Librorum
1080 1174 1351 1215 Orientalium
1380 1184 1580 1214 contexu-

283 1264 386 1299 rum,
411 1248 559 1303 quibus
581 1248 831 1302 Linguarum
857 1248 1109 1289 Biblicarum
1138 1249 1306 1289 studiosi
1330 1250 1438 1289 haud
1463 1251 1582 1291 facile

283 1338 420 1364 carere
453 1323 625 1378 possint,
648 1339 784 1379 operae
811 1324 984 1378 pretium
1009 1326 1096 1366 fore
1127 1324 1241 1374 duxi,
1271 1324 1308 1365 ei
1342 1324 1584 1379 disputatio-

282 1414 376 1439 nem
416 1398 727 1440 eruditissimam
760 1398 804 1440 J.
832 1398 957 1440 Jahn.
1012 1400 1263 1455 Linguarum
1297 1399 1582 1453 Orientalium,

282 1474 390 1515 haud
432 1474 487 1516 ita
520 1474 694 1528 pridem,
736 1477 846 1530 apud
887 1475 1139 1517 Viennenses
1185 1475 1437 1516 Professoris
1475 1476 1587 1517 cele-

283 1548 460 1597 berrimi,
501 1549 760 1604 praemittere,
794 1567 844 1591 eo
881 1552 1047 1591 demum
1084 1551 1271 1602 consilio,
1305 1559 1363 1599 ut,
1411 1560 1451 1591 et
1489 1550 1585 1592 LL.

286 1624 388 1665 ΟΟ.
421 1623 645 1678 disciplinae
687 1625 878 1666 studiosae
907 1625 1120 1667 Juventuti
1159 1625 1439 1676 Academieae,
1481 1641 1586 1679 prae-

286 1698 422 1741 sertim
445 1698 509 1750 iis,
539 1697 609 1754 qui
634 1698 759 1739 sacris
783 1699 990 1740 ordinibus
1024 1699 1210 1741 destinati
1239 1708 1345 1750 sunt,
1371 1714 1585 1740 commen-

285 1776 499 1826 darentur;
540 1784 580 1815 et
628 1790 675 1815 ea
712 1773 936 1816 Tironibus
984 1774 1228 1816 adminicula
1266 1773 1586 1828 indigitarentur,

287 1850 447 1905 quibus,
474 1860 559 1890 tum
594 1865 730 1890 sacros
754 1852 886 1891 fontes
911 1850 1091 1892 feliciore
1116 1865 1211 1892 cum
1238 1865 1432 1908 successu
1455 1849 1587 1891 rimari

288 1924 460 1981 possint,
513 1934 597 1965 tum
637 1924 793 1975 semita,
831 1940 920 1980 quae
969 1927 1018 1966 ad
1051 1927 1158 1966 hunc
1194 1925 1318 1965 finem
1364 1926 1588 1978 perducere

287 2001 480 2051 videatur,
519 1999 638 2040 latior
662 1999 901 2055 faciliorque
926 2000 971 2041 iis
997 2016 1135 2041 coram
1161 2000 1381 2041 sisteretur.

353 2078 412 2119 At
435 2077 524 2133 quis
548 2078 651 2118 forte
677 2076 824 2118 dubius
849 2076 1030 2124 haerebit,
1051 2092 1123 2117 cur
1148 2077 1396 2133 hujusmodi,
1415 2078 1587 2130 scilicet,

286 2151 470 2192 laborem
484 2150 524 2191 in
540 2166 604 2191 me
626 2151 730 2191 ultro
746 2149 1015 2204 susciperem,
1030 2165 1125 2190 cum
1141 2148 1376 2199 Librorum,
1401 2160 1444 2191 ut
1460 2150 1586 2202 aiunt,

289 2226 641 2268 elementariorum
667 2225 851 2280 supellex
884 2234 944 2266 sat
979 2224 1115 2279 ampla
1146 2224 1328 2266 omniurn
1366 2228 1420 2266 ob
1444 2227 1587 2266 oculos

290 2310 481 2356 ponatur,
507 2300 767 2356 magistrique
792 2299 862 2355 qui
885 2315 975 2341 eam
1000 2300 1192 2355 supplere
1224 2311 1410 2355 possunt,
1434 2300 1586 2355 ubique

293 2376 584 2432 frequentiores
630 2391 733 2427 esse,
770 2391 891 2430 quam
934 2385 977 2416 ut
1008 2375 1222 2431 quisquam
1263 2375 1303 2417 id
1333 2376 1585 2417 ostendendo

658 2507 752 2517 reate
756 2507 772 2516 e·
776 2506 865 2517 ιη’-φη
872 2507 907 2516 ee-
911 2506 1021 2517 reeca-e
1025 2507 1101 2517 mo*
1105 2506 1195 2517 eet-ee
1200 2507 1215 2516 e

363 2609 382 2627 *ἑ
414 2607 515 2643 Dum
547 2619 598 2643 sc.
636 2607 926 2654 praelectionibus
966 2606 1054 2643 meis
1096 2605 1298 2650 Hebraicis,
1332 2605 1504 2654 Syriacis,
1537 2612 1572 2641 et

306 2669 489 2714 Arabicis,
507 2670 544 2706 in
567 2670 769 2707 Academia
787 2669 946 2706 incubui.

897 2751 921 2776 α
