1915 3293
949 376 1012 422 68

413 482 518 533 titur,
547 485 689 540 quibus
723 503 815 527 usus
840 495 900 528 est
923 486 1213 528 eruditissimus
1247 487 1401 528 Editor.
1425 484 1504 526 Ed.
1532 501 1613 526 sec.

1303 562 1466 617 Limite,
1491 566 1612 607 1794.

352 658 592 701 Schultensii
633 661 919 703 commentaria
954 662 992 702 in
1030 661 1114 703 Job
1162 669 1201 701 et
1240 660 1456 701 Proverbia
1497 660 1617 700 Solo-

412 736 557 778 monis.
619 768 965 780 ........
1026 737 1162 794 Lzegd.
1190 735 1344 777 Βαϊαυ.
1372 741 1611 781 1737-48,

315 809 533 853 *Lowth's
563 813 708 855 Isaiah.
734 815 897 870 <saepius
923 819 1119 863 recusus.)

313 908 579 952 *Doederlini
605 913 740 965 Isaias,
765 930 858 955 cum
885 914 1005 961 notis,
1021 921 1097 956 ἃς.
1129 947 1136 954 .
1169 912 1353 954 Norimb.
1371 919 1408 952 et
1423 909 1614 964 Altdmfi,

1497 991 1615 1032 1789.

310 1084 601 1127 *Newcome’s
646 1087 787 1129 Nlinor
835 1088 1053 1143 Prophets,
1111 1089 1211 1128 after
1254 1088 1320 1128 the
1362 1101 1526 1126 manner
1576 1085 1622 1124 of

409 1159 555 1201 Lowth
565 1191 1252 1202 ...............
1291 1159 1467 1209 Dublin,
1496 1158 1615 1202 1786.

680 1260 862 1315 Prophet
888 1260 1065 1302 Ezekiel.
1120 1292 1130 1300 .
1168 1292 1176 1300 .
1215 1293 1222 1299 .
1262 1290 1272 1301 .
1317 1290 1325 1299 .
1367 1293 1373 1300 .
1413 1257 1467 1298 ib.
1493 1262 1614 1302 1788.

341 1355 475 1396 Biblia
500 1358 621 1398 Sacra
644 1374 693 1399 ex
730 1358 965 1399 recensione
1002 1358 1160 1400 Textsis
1187 1357 1354 1399 Hebraei
1390 1366 1429 1397 et
1455 1355 1614 1396 Versio-

405 1448 500 1473 num
528 1434 795 1491 Antiquarum
822 1434 967 1475 Latine
1004 1451 1129 1485 versa,
1167 1434 1352 1490 notisque
1390 1432 1615 1487 Philologi-

403 1510 459 1551 cis
495 1519 534 1551 et
558 1511 705 1552 criticis
743 1511 933 1552 illustrata
957 1528 978 1551 a
1001 1511 1189 1552 Johanne
1220 1511 1410 1565 Augusto
1444 1508 1620 1550 Dathio.

1207 1587 1342 1636 Halae,
1374 1592 1617 1632 1779—91.

338 1686 640 1728 Commentaria
664 1688 701 1727 in
737 1688 830 1728 Vet.
855 1688 972 1729 Test.
1000 1687 1200 1728 Johannis
1228 1685 1392 1727 Clerici.
1442 1685 1614 1725 Amstel.

1490 1769 1611 1807 1710.

335 1863 485 1905 Jacobi
510 1863 675 1918 Altingii
697 1879 834 1918 opera.
893 1896 899 1903 .
942 1896 948 1903 .
992 1896 998 1903 .
1040 1894 1047 1902 .
1087 1896 1093 1901 .
1138 1893 1147 1902 .
1188 1895 1195 1902 .
1235 1895 1243 1903 .
1285 1860 1456 1901 Amstel.
1490 1862 1609 1903 1685.

337 1963 556 2005 Videantur
588 1975 778 2018 praeterea
804 1963 1066 2017 InterpreteS,
1092 1977 1192 2017 quos
1226 1959 1317 2000 Vol.
1341 1959 1376 1999 Ι.
1404 1976 1447 2014 p.
1468 1966 1615 2001 55}—

400 2046 495 2085 575.
532 2049 571 2082 et
595 2040 633 2081 in
660 2057 729 2082 sua
764 2039 990 2095 appendice
1016 2037 1196 2079 exhibuit
1223 2036 1381 2083 Home,
1409 2035 1464 2077 nti
1489 2052 1611 2090 supra

402 2118 567 2158 dictum.

334 2213 579 2268 Interpretes
632 2213 793 2255 Judaici
837 2212 1042 2253 videantur
1094 2212 1133 2252 in
1181 2211 1321 2252 Bibliis
1373 2209 1611 2251 Rabbinicis

401 2292 637 2347 Bombergi,
670 2291 887 2340 Buxtorfii‚
931 2297 1009 2331 ὣς.
1047 2291 1246 2331 Praeterea
1277 2289 1316 2330 in
1355 2287 1610 2329 Bibliotheca

401 2367 580 2409 Hebraea
602 2366 756 2415 Wolfii‚
784 2383 877 2408 cum
905 2365 1182 2408 additamentis
1210 2363 1431 2407 Koecheri.

304 2470 322 2489 ξ
341 2464 409 2507 De
435 2465 655 2508 Rhetorica
675 2481 802 2515 sacra,
839 2464 1011 2505 maxime
1042 2464 1220 2505 videatur
1241 2461 1473 2517 Philologia
1497 2478 1608 2503 sacra

404 2544 570 2593 Glassii‚
600 2554 667 2585 aut
700 2545 862 2584 demum
900 2541 1174 2584 Grammatica
1207 2540 1384 2582 Hebraea
1420 2540 1604 2582 Guarini.

403 2621 579 2663 Parisiis
601 2626 737 2677 (supra
762 2619 963 2663 laudatae.)

303 2731 314 2748 ³
335 2722 427 2764 The
454 2722 633 2762 Hebrcw
658 2722 763 2763 Text
787 2724 834 2763 of
852 2722 915 2762 the
941 2719 1103 2775 parallel
1130 2718 1377 2774 Prophecies
1407 2720 1454 2759 of
1468 2717 1600 2759 Jacob
