1915 3293
875 348 932 395 13

259 472 319 515 sit.
369 477 476 522 Quid
503 478 551 516 de
574 476 632 516 his
653 492 798 530 expers
824 476 1052 530 linguarum
1071 474 1256 530 judicet?
1293 474 1429 528 Atque
1455 488 1541 512 otu-⁸

259 550 352 591 nino
379 551 648 605 judicandum
673 562 746 599 est,
774 568 904 606 neque
930 551 1034 592 enim
1060 550 1156 590 licet
1180 550 1373 591 sustinere
1409 565 1546 589 assen-

260 641 365 676 sum,
391 642 461 666 seu
487 627 679 668 cohibere
698 627 917 683 judicium,
936 636 975 667 et
999 634 1227 666 neutrarum
1246 641 1334 665 esse
1357 624 1548 678 partium,

260 699 352 754 quia
371 704 580 754 permulta:
606 712 698 742 sunt
718 718 830 742 novae
856 702 976 755 hujus
1001 700 1157 754 generis
1183 699 1547 754 interpretationes,

260 776 406 828 quibus
442 775 531 830 ipsa
563 778 824 817 fundamenta
859 775 1059 829 religionis
1095 778 1278 816 revelatae
1308 775 1550 816 concutiun-

261 858 336 890 tur.

329 924 434 966 Haee
460 927 624 980 quidem
648 936 855 967 momenta
880 927 1113 981 gravissima
1144 936 1250 976 sunt,
1290 937 1330 968 et
1356 929 1553 983 juventu-

263 1007 344 1038 tem
369 1001 420 1039 ad
444 1002 629 1041 sedulum
659 1001 887 1054 linguarum
915 1001 1163 1042 Biblicarum
1189 1001 1366 1041 studium
1391 1001 1555 1042 invitare

263 1084 303 1115 et
338 1090 574 1128 permovere
609 1079 788 1128 debent;
825 1094 906 1118 non
937 1079 1084 1117 desunt
1120 1087 1254 1117 tamen
1284 1076 1372 1127 alia,
1407 1075 1439 1116 si
1476 1091 1555 1116 non

265 1150 462 1203 graviora,
490 1155 678 1206 profecto
702 1170 783 1195 non
810 1154 972 1206 leviora.
1033 1153 1142 1193 Nam
1170 1153 1287 1207 plura
1313 1162 1405 1193 sunt
1425 1152 1557 1192 Bibli-

265 1241 380 1266 orum
419 1227 524 1277 loca,
572 1245 660 1284 quae
699 1229 952 1279 difficultate,
996 1229 1057 1269 vel
1106 1228 1259 1277 critica,
1301 1230 1360 1269 vel
1401 1229 1559 1268 herme-

264 1303 441 1353 neutica,
474 1304 674 1354 laborant,
711 1304 751 1344 in
786 1304 991 1358 theologia
1029 1312 1163 1343 tamen
1204 1319 1323 1343 usum
1358 1302 1557 1356 insignem

264 1377 430 1428 habent,
467 1381 529 1419 vel
563 1380 712 1420 habere
748 1388 955 1434 putantur.
1014 1378 1104 1419 Has
1147 1379 1354 1433 utriusque
1400 1378 1559 1433 generis

270 1453 529 1496 difficultates
573 1456 701 1497 versio
744 1454 962 1510 nequidem
1002 1454 1158 1495 eminus
1198 1454 1363 1495 innuere
1399 1462 1561 1509 potest3

274 1532 380 1571 unde
406 1530 466 1580 fit,
489 1540 534 1571 ut
559 1531 790 1584 theologus,
811 1529 984 1570 versioni
1007 1529 1179 1578 innixus,
1206 1531 1344 1570 locum
1370 1545 1451 1570 non
1476 1544 1564 1570 esse

274 1606 459 1660 planum,
488 1622 620 1661 neque
646 1607 804 1653 sentiat,
827 1607 897 1646 sed
918 1606 972 1656 id,
993 1607 1102 1661 quod
1128 1605 1326 1660 interpres
1352 1605 1565 1660 expressit,

273 1689 424 1721 temere
449 1680 626 1735 arripiat,
651 1690 691 1721 et
727 1681 781 1720 ita
808 1696 849 1720 se
873 1690 913 1721 et
939 1696 1011 1720 sua
1035 1680 1306 1734 vilipensioni,
1342 1680 1565 1721 contemtui

275 1765 316 1797 et
350 1756 523 1797 ludibrio
556 1756 803 1797 eruditorum
840 1755 1372 1812 objiciat.-Difficultates
1410 1755 1568 1796 criticas

276 1831 515 1886 interpretes
541 1831 746 1886 permulti,
773 1840 813 1872 et
841 1830 1087 1885 antiquiores
1116 1829 1282 1885 quidem
1306 1833 1388 1872 fere
1413 1846 1568 1881 omnes,

278 1907 519 1962 plerumque
546 1907 623 1962 ipsi
649 1923 730 1948 non
755 1910 1046 1957 observarunt3
1097 1907 1129 1947 si
1158 1916 1306 1955 autem,
1342 1908 1398 1948 uti
1429 1898 1568 1948 reee'u-

278 1982 398 2023 tiores
434 1991 647 2034 noverunt,
677 1982 809 2034 aliam,
842 1984 903 2022 vel
929 1982 1024 2022 alias
1051 1998 1216 2037 quoque
1252 1998 1340 2022 esse
1367 1982 1448 2023 loci
1481 1985 1568 2024 lec-

279 2058 434 2101 tiones:
482 2059 522 2100 in
549 2059 729 2100 versione
754 2069 889 2100 tamen
924 2076 1004 2100 uon
1043 2068 1263 2114 potuerunt
1298 2059 1372 2100 nisi
1411 2059 1572 2101 unicam

279 2136 504 2190 exprimere
542 2151 648 2186 eam,
689 2151 825 2190 quam,
865 2134 1178 2189 quibuscunque
1215 2134 1437 2176 rationibus
1477 2138 1573 2176 sub-

281 2210 380 2262 nixi,
405 2227 494 2252 esse
520 2210 735 2264 genuinam
763 2210 1025 2265 judicarunt3
1064 2210 1142 2250 hoc
1180 2225 1274 2250 vero
1301 2225 1441 2251 eorum
1459 2210 1574 2266 judi-

284 2287 392 2328 cium
438 2302 519 2327 non
567 2285 689 2327 fuisse
737 2285 889 2340 ubique
933 2285 989 2325 rei
1029 2293 1361 2337 consentaneum,
1406 2285 1575 2340 quilibet

285 2366 427 2406 harum
447 2380 581 2406 rerum
606 2363 758 2418 peritus
783 2362 902 2404 facile
927 2362 1065 2414 dabit;
1102 2362 1134 2404 si
1159 2371 1294 2404 autem
1333 2362 1422 2418 quis
1444 2363 1576 2417 impe-

287 2440 384 2481 ritus
406 2439 624 2494 negaverit,
649 2442 700 2480 ab
725 2439 826 2489 aliis,
866 2438 935 2494 qui
958 2438 1078 2479 aliam
1113 2438 1330 2480 lectionem
1362 2440 1579 2492 praeferen-

289 2519 382 2557 dam
414 2525 591 2563 censent,
614 2514 837 2562 docebitur,
863 2513 1080 2555 lectionem
1105 2513 1246 2554 saltem
1271 2529 1358 2554 esse
1393 2512 1574 2564 dubiam,

289 2594 339 2632 de
366 2607 445 2646 qua
480 2591 615 2646 itaque
649 2590 829 2644 theologi
854 2598 915 2630 est
940 2589 1144 2645 judicare,
1172 2598 1389 2644 antequam
1412 2589 1507 2629 loeo
1537 2589 1575 2630 in

290 2686 374 2710 rem
413 2684 526 2710 suam
564 2677 711 2717 utatur,
748 2677 829 2715 aut,
876 2677 918 2708 ut
969 2669 1017 2708 ad
1054 2683 1137 2708 rem
1176 2682 1255 2708 non
1288 2666 1572 2721 pertinentem,
