1915 3293
907 373 972 420 532

915 571 1005 617 IV.

347 713 528 756 Primum
567 718 839 771 expugnanda
868 716 976 757 venit
1004 717 1268 772 praejudicata
1293 719 1446 773 opinio,
1488 735 1568 775 qua

278 790 434 844 optima
471 808 645 848 quaeque
680 792 842 846 ingenia
867 808 889 833 a
915 792 1047 833 studio
1071 792 1298 846 linguarum
1337 793 1455 834 facile
1496 796 1568 835 de-

278 866 431 918 terreri,
457 876 525 907 aut
547 867 683 908 induci
707 877 889 921 possent,
912 877 956 909 ut
980 871 1055 909 sub
1080 878 1277 923 praetextu
1301 869 1566 920 difficultatis,

276 939 434 993 linguas
461 957 543 982 non
568 942 701 982 solum
727 942 811 983 sine
836 945 1051 992 dedecore,
1067 946 1147 985 ‚sed
1174 942 1293 985 etiam
1315 944 1450 999 aliqua
1476 960 1570 985 cum

277 1014 396 1055 laude
429 1015 693 1070 negligerent.
757 1016 1000 1059 Communis
1035 1019 1223 1060 nimirum
1263 1030 1324 1061 est
1360 1020 1570 1071 sententia,

279 1087 361 1128 acri
387 1088 548 1144 judicio
585 1090 774 1144 praeditos
811 1107 955 1145 parum
987 1092 1119 1133 valere
1155 1094 1362 1142 memoria,
1399 1103 1438 1134 et
1476 1093 1569 1134 hinc

276 1163 447 1218 linguas,
486 1181 575 1220 quae
601 1166 805 1207 memoriae
832 1167 1005 1207 multum
1030 1168 1183 1222 negotii
1214 1170 1431 1217 facessunt,
1466 1185 1572 1209 non-

277 1240 354 1281 nisi
398 1241 554 1295 magnis
600 1242 808 1283 laboribus
855 1243 1027 1295 discere,
1073 1261 1155 1299 quo
1199 1245 1406 1286 sollicitari
1450 1245 1570 1286 facile

277 1327 451 1370 possunt
486 1333 567 1358 non
603 1318 739 1372 pauci,
766 1329 809 1359 ut
843 1320 1048 1361 memoriae
1086 1336 1166 1361 suae
1203 1321 1466 1371 debilitatem,
1491 1337 1571 1376 qua

278 1394 428 1433 famam
453 1392 620 1448 insignis
637 1394 786 1450 judicii
800 1406 1071 1450 aucupentur,
1098 1406 1305 1447 accusent,
1332 1406 1453 1452 atque
1479 1395 1571 1437 ideo

280 1467 457 1508 studium
495 1467 737 1522 linguarum,
773 1479 966 1524 tanquam
1009 1470 1085 1511 sibi
1121 1471 1238 1511 nimis
1273 1487 1496 1526 operosum
1531 1480 1573 1512 et

280 1542 512 1592 molestum,
549 1544 636 1585 aliis
678 1545 918 1600 relinquant.
974 1545 1032 1586 At
1064 1546 1158 1587 huic
1186 1546 1370 1601 opinioni
1406 1562 1575 1601 magnus

279 1619 417 1658 subest
458 1633 579 1669 error,
616 1618 772 1674 quippe
809 1619 879 1674 qui
914 1620 1150 1661 memoriam
1189 1636 1302 1661 suam
1336 1629 1571 1674 extenuant,

279 1695 471 1748 produnt,
494 1694 656 1734 inanem
679 1711 767 1735 esse
788 1711 901 1735 suam
918 1695 1065 1751 judicii
1089 1696 1421 1737 ostentationem.
1461 1696 1572 1736 Nam

279 1770 347 1825 qui
371 1770 407 1810 vi
427 1770 572 1826 judicii
595 1771 734 1824 pollet,
765 1779 806 1810 et
830 1771 966 1811 omnia
992 1771 1192 1812 subtiliter
1224 1771 1444 1827 dijudicat:
1480 1787 1572 1812 om-

278 1848 388 1888 nium
426 1847 675 1889 criteriorum
714 1858 754 1889 et
791 1850 1076 1904 adjunctorum
1124 1849 1306 1889 alacriter
1340 1850 1574 1889 recordetur

278 1931 456 1977 oportet,
483 1932 604 1978 atque
636 1924 715 1964 hoc
748 1923 840 1977 ipso
866 1926 975 1964 bona
1001 1933 1040 1964 et
1065 1932 1225 1978 promta
1251 1938 1340 1963 esse
1377 1922 1573 1973 memoria

280 1997 545 2039 convincitur.
605 1998 641 2038 E
662 1998 874 2050 contrario,
897 1999 965 2054 qui
989 1998 1113 2039 debili
1138 2008 1178 2039 et
1202 1999 1314 2039 tarda
1331 2006 1391 2038 est
1416 2012 1574 2038 memo-

280 2074 351 2124 ria,
378 2073 498 2114 facile
521 2074 751 2129 aliquorum
775 2074 1028 2115 criteriorum
1065 2083 1133 2115 aut
1170 2075 1457 2130 adjunctorum
1495 2073 1572 2114 im-

279 2165 450 2201 memor,
483 2159 735 2205 praepostere
770 2150 986 2205 judicabit.
1056 2150 1164 2191 Acre
1199 2149 1336 2205 itaque
1369 2149 1573 2205 judicium

283 2229 436 2280 absque
477 2226 672 2267 memoria
706 2241 796 2266 esse
842 2224 1008 2281 nequit3
1049 2234 1171 2281 atque
1206 2225 1301 2266 hinc
1344 2225 1573 2273 conficitur,

282 2304 459 2344 debilem
496 2302 734 2343 memoriam
770 2301 935 2342 minime
971 2318 1061 2343 esse
1097 2311 1380 2356 argumentum
1409 2300 1574 2356 insignis

274 2378 439 2436 judicii.
500 2377 721 2419 Provocari
746 2377 911 2432 quidem
948 2378 1052 2419 solet
1075 2380 1123 2419 ad
1152 2378 1388 2433 exemplum
1414 2394 1572 2427 senum,

283 2456 352 2510 qui
393 2454 587 2496 memoria
623 2471 703 2495 non
743 2457 889 2506 valent,
931 2465 971 2496 et
1012 2472 1120 2510 saepe
1160 2456 1367 2496 excellunt
1394 2453 1575 2511 judicio;

284 2550 440 2583 verum,
478 2534 509 2574 si
548 2534 589 2575 hi
631 2550 746 2575 senes
787 2533 1017 2587 diligentius
1059 2537 1339 2575 observentur.
1381 2532 1576 2574 memoria

284 2611 324 2652 in
346 2610 458 2652 novis
484 2613 679 2653 duntaxat
703 2613 822 2653 rebus
846 2611 1061 2652 retinendis
1079 2609 1221 2652 debilis
1247 2610 1576 2666 deprehenditur,

285 2698 324 2730 et
359 2688 560 2744 judicium
594 2692 643 2730 de
680 2693 799 2731 rebus
835 2689 1007 2745 antiquis
1044 2706 1149 2741 acre,
1189 2690 1225 2730 in
1271 2689 1418 2744 quibus
1454 2688 1574 2730 etiam
