1915 3293
247 374 281 420 ii
747 388 1070 419 PRAEFATIO.

255 494 403 536 diutius
434 495 607 536 laboret:
644 493 840 544 dixerim3
878 503 969 535 sunt
993 494 1197 550 equidem,
1225 502 1311 534 tum
1343 492 1431 533 libri
1458 501 1543 533 tum

254 571 432 626 magistri
463 581 522 613 sat
556 573 812 626 frequentes:
853 579 893 610 at
928 571 960 611 si
990 570 1085 625 quid
1111 579 1220 611 recte
1244 569 1375 621 video,
1409 568 1546 609 videor

255 646 504 701 experientia
541 646 741 697 didicisse,
781 662 829 686 ex
864 645 999 686 multis
1040 645 1204 699 quidem
1244 660 1399 698 paucos
1437 644 1547 698 apud

254 737 328 762 nos
350 730 511 771 restare,
538 721 621 776 qui,
655 730 723 761 aut
755 720 916 761 sibimet
952 729 1138 760 auctores
1174 719 1352 773 optimos
1376 734 1546 772 compa-

256 795 442 845 raverint,
478 805 546 836 aut
578 795 731 837 caeteris
767 795 885 845 viam,
926 811 1006 850 qua
1039 794 1184 849 linguae
1229 794 1400 835 Biblicae
1432 793 1548 835 citius

260 870 473 911 solidiusve
517 870 835 921 addiscerentur,
873 868 1118 924 aperuerint.
1190 870 1258 909 Ad
1295 869 1458 916 Libros,
1480 868 1550 923 qui

256 945 383 986 indies
407 945 448 985 in
471 945 607 986 lucem
641 947 855 999 prodeunt,
889 946 999 999 quod
1034 944 1187 992 attinet,
1220 960 1341 986 nemo
1373 955 1434 986 est
1468 946 1551 985 for-

258 1020 386 1071 tassis,
422 1020 490 1075 qui
527 1019 767 1074 farraginem
804 1028 864 1060 sat
899 1020 1077 1073 amplam
1113 1034 1203 1059 esse
1233 1019 1388 1059 inficias
1419 1018 1552 1069 iverit;

256 1105 296 1135 at
331 1096 591 1150 quaerendum
630 1095 768 1150 quales
806 1094 883 1135 sint
921 1094 1010 1135 libri
1045 1094 1071 1134 ii
1102 1094 1300 1150 plerique.
1361 1095 1480 1143 Sunt,
1513 1093 1554 1133 ni

257 1171 371 1212 valde
408 1172 538 1223 fallor,
575 1173 714 1227 quales
744 1171 918 1212 Tirones
958 1174 1008 1211 ab
1043 1171 1131 1224 ipsa
1167 1171 1381 1225 disciplina
1417 1170 1552 1225 potius

256 1249 495 1296 deterreant,
531 1261 652 1300 quam
684 1256 725 1286 ut
749 1247 785 1286 ei
806 1246 909 1286 lucis
934 1246 1168 1301 quicquam,
1196 1261 1278 1301 quo
1311 1246 1453 1287 melius
1484 1262 1555 1287 ex-

258 1318 426 1370 colatur,
459 1318 692 1358 infundant:
741 1320 842 1358 adeo
873 1327 916 1358 ut
939 1334 962 1357 e
987 1317 1096 1357 mille
1129 1318 1192 1358 vix
1225 1333 1328 1358 unus
1353 1328 1422 1359 aut
1459 1320 1556 1359 alter

258 1391 492 1446 reperiatur,
524 1392 593 1446 qui
617 1407 799 1447 eousque
832 1392 891 1432 his
917 1391 1057 1433 studiis
1078 1391 1303 1440 incumbat,
1327 1402 1369 1433 ut
1393 1394 1557 1433 tandem

259 1467 476 1522 aliquando
500 1466 758 1508 mediocriter
787 1468 957 1508 edoctus
996 1468 1150 1508 evadat.
1212 1467 1338 1513 Quod
1372 1469 1422 1508 ad
1458 1468 1557 1508 Ma·

258 1543 403 1597 gistros
439 1542 550 1597 ipsos
594 1552 766 1597 spectat,
815 1544 1024 1583 fatendum
1075 1552 1150 1592 est,
1199 1558 1268 1582 eos
1317 1542 1558 1597 plerumque

261 1618 465 1671 Linguam
506 1618 726 1658 Hebraeam
772 1619 877 1657 bene
916 1616 1076 1663 callere,
1128 1631 1300 1671 eamque
1347 1632 1422 1670 pro
1462 1616 1561 1657 virili

262 1694 449 1734 docendo
499 1692 654 1734 caeteris
696 1692 917 1732 inculcare.
976 1691 1032 1731 At
1079 1706 1182 1744 pace
1224 1705 1364 1730 eorum
1417 1691 1559 1731 dicen-

263 1773 374 1821 dum,
413 1784 483 1809 eos
525 1783 687 1823 perraro
724 1767 826 1808 ultra
863 1783 946 1807 rem
986 1767 1290 1821 grammaticam
1324 1769 1471 1822 pedem
1509 1768 1559 1808 fi-

263 1861 371 1899 gere,
410 1852 479 1885 ant
501 1844 709 1898 figendum
734 1859 821 1884 esse
849 1844 1036 1884 credere:
1074 1843 1130 1883 rei
1153 1842 1316 1895 criticae,
1340 1843 1558 1895 historicae,

264 1919 588 1968 hermeneuticae,
626 1926 702 1961 &c.
746 1919 771 1959 ii
814 1919 1057 1974 plerumque
1090 1928 1182 1960 sunt
1219 1918 1384 1960 omnino
1421 1919 1562 1974 ignari,

266 1998 371 2037 unde
406 1994 566 2045 accidit,
603 2004 645 2035 ut
685 1997 795 2049 quod
826 1994 1029 2043 studiosis,
1066 1995 1288 2048 praesertim
1323 1995 1563 2049 Theologis,

262 2071 447 2126 apprime
483 2079 542 2110 est
577 2069 685 2116 utile,
719 2085 860 2109 eorum
890 2073 966 2110 sub
1006 2085 1175 2110 examen
1208 2085 1414 2125 nunquam
1453 2070 1562 2110 veni-

266 2156 350 2187 ret:
401 2155 451 2193 et,
492 2146 602 2200 quod
646 2144 773 2198 magis
813 2144 1051 2195 dolendum,
1091 2144 1328 2193 Tironibus,
1365 2147 1460 2186 dum
1500 2146 1562 2186 vix

266 2238 351 2263 rem
393 2220 531 2277 primis
562 2220 683 2261 labris
720 2219 992 2267 salutaverint,
1032 2222 1200 2261 suadent
1236 2231 1356 2277 atque
1393 2237 1563 2277 persua-

269 2302 379 2350 dent,
403 2298 563 2340 labores
592 2300 680 2354 jam
705 2313 798 2338 suos
825 2300 874 2338 ad
896 2298 1020 2339 finem
1045 2297 1168 2338 fuisse
1202 2300 1437 2353 perductos,
1468 2297 1564 2339 sibi-

271 2389 350 2428 que
385 2372 651 2427 imposterum
675 2387 756 2412 non
782 2387 868 2413 esse
894 2388 1012 2426 opus,
1037 2381 1079 2412 ut
1104 2387 1188 2412 rem
1213 2371 1342 2414 altiori
1375 2371 1562 2427 indagine

265 2450 580 2505 pevestigarent.

341 2525 424 2565 Sed
448 2535 487 2566 et
506 2525 632 2580 ipsius
654 2524 824 2579 Linguae
849 2524 1058 2566 elementis
1080 2525 1290 2580 paululum
1318 2525 1561 2580 perspectis,

274 2601 367 2641 luce
397 2600 541 2641 clarius
580 2599 666 2647 erit,
702 2615 771 2640 eos
806 2602 872 2646 (de
906 2599 952 2640 iis
983 2599 1089 2640 enim
1124 2599 1270 2654 loquor
1301 2598 1367 2654 qui
1404 2598 1563 2639 natione

273 2674 406 2716 Judaei
454 2675 562 2718 sunt)
603 2686 760 2730 patrum
809 2692 971 2717 suorum
1006 2674 1185 2730 *vestigiis
1232 2685 1311 2716 tam
1359 2675 1563 2717 mordicus
