1915 3293
920 376 976 422 16

303 492 397 547 quid
429 494 566 535 velint.
636 494 679 536 Si
704 496 838 550 itaque
863 497 953 552 quis
980 498 1081 550 haec,
1107 509 1194 554 quae
1220 499 1316 550 dixi,
1341 499 1586 541 labefactare

301 568 422 621 volet,
446 570 579 619 facile,
607 571 728 612 etiam
752 580 912 612 tacente
945 588 1025 623 me,
1061 575 1206 615 veritas
1244 590 1285 615 se
1320 574 1407 629 ipsa
1443 577 1587 616 defen-

304 645 461 683 det.—

368 717 471 759 Haec
496 723 763 774 perpendant,
791 731 831 762 et
855 722 1013 776 integro
1038 722 1175 764 animo
1203 724 1475 776 considerent,
1499 735 1586 766 tum

291 793 467 848 juvenes
491 796 690 850 theologi,
716 796 798 852 qui,
830 797 915 838 sine
953 798 1118 839 assiduo
1144 798 1375 853 linguarum
1402 799 1589 842 Biblica-

300 885 386 909 rum
414 871 562 918 studio,
595 871 672 912 sibi
694 872 885 913 subtilem
910 873 1117 927 religionis
1145 874 1356 914 scientiam
1390 875 1586 928 pollicen-

299 952 377 991 tur,
403 953 489 984 tum
515 946 706 995 veterani,
745 947 814 1001 qui
843 947 1133 989 necessitatem
1169 949 1396 1003 linguarum
1426 949 1589 1004 impug-

298 1026 406 1069 nant,
438 1035 484 1060 ac
517 1021 779 1075 juventutem
815 1025 865 1062 ab
903 1023 980 1063 hoc
1019 1024 1142 1065 unico
1175 1025 1333 1065 subtilis
1370 1025 1586 1079 theologiae

299 1094 561 1144 adminiculo,
588 1099 650 1136 vel
686 1096 866 1137 dissertis
887 1098 1034 1149 verbis,
1061 1102 1122 1140 vel
1147 1100 1412 1154 vilipensione
1446 1100 1585 1148 tacita,

299 1181 484 1219 avocant,
522 1182 576 1220 et,
615 1190 719 1227 quos
751 1190 920 1215 avocare
944 1191 1026 1215 non
1048 1186 1234 1228 possunt,
1260 1177 1466 1230 segniores
1499 1179 1588 1218 red-

299 1249 424 1297 dunt3
460 1247 609 1303 quodsi
629 1247 709 1302 ipsi
731 1248 862 1289 nolint
886 1248 1034 1290 imitari
1060 1249 1308 1301 Catonenst,
1335 1251 1417 1305 qui,
1450 1266 1586 1291 amore

298 1321 583 1375 philosophiae,
607 1322 646 1362 in
671 1331 880 1364 senectute
906 1322 1049 1363 didicit
1076 1323 1209 1363 literas
1237 1324 1417 1371 Graecas,
1443 1326 1585 1364 saltem

297 1397 456 1438 discant
482 1401 627 1439 cedere
654 1407 693 1439 et
724 1408 874 1440 tacere.
931 1399 1048 1440 Alius
1080 1400 1175 1441 olim
1202 1410 1286 1441 erat
1309 1401 1583 1455 Augustinus,

299 1474 586 1515 celeberrimus
615 1475 900 1530 Hipponensis
925 1476 1177 1531 Episcopus,
1200 1477 1282 1532 qui,
1309 1476 1399 1524 etsi,
1428 1486 1470 1518 nt
1495 1477 1584 1531 ipse

298 1550 458 1600 fatetur,
495 1550 713 1590 Hebraicae
738 1551 917 1604 ignarus,
953 1561 993 1592 et
1017 1552 1058 1591 in
1081 1551 1230 1592 Graeca
1254 1551 1345 1599 tiro,
1377 1552 1587 1592 nihilomi-

298 1640 374 1665 nus
398 1625 576 1666 dissertis
601 1626 734 1667 verbis
762 1627 969 1668 veritatem
996 1629 1226 1681 profitetur,
1253 1627 1391 1669 scribit
1413 1628 1584 1674 enim†:

298 1700 325 1714 “
354 1696 511 1738 Latinae
538 1697 701 1752 quidem
740 1698 886 1752 linguae
913 1700 1114 1751 homines,
1143 1715 1245 1755 quos
1282 1715 1389 1739 nnnc
1421 1699 1583 1740 institu-

299 1772 330 1789 “
353 1774 481 1812 endos
506 1771 781 1825 suscepimus,
818 1774 974 1813 duabus
996 1772 1098 1823 aliis,
1137 1774 1186 1812 ad
1211 1772 1436 1813 divinarum
1460 1772 1586 1828 scrip·

300 1852 326 1866 “
355 1857 534 1889 turarum
563 1848 855 1903 cognitionem,
883 1866 989 1903 opus
1021 1851 1184 1898 liabent,
1221 1849 1400 1890 Hebraea
1431 1849 1586 1890 scilicet

298 1927 325 1942 “
353 1933 392 1964 et
419 1925 613 1965 Graeca.''
670 1924 734 1965 Ac
769 1926 892 1979 paulo
930 1936 1024 1980 post
1061 1926 1209 1980 repetit
1239 1929 1408 1967 eandem
1441 1926 1585 1968 verita-

297 2010 401 2040 tem:
464 2002 491 2016 “
510 2008 679 2053 propter
714 1999 986 2041 diversitates.
1010 2030 1021 2040 .
1041 2030 1052 2040 .
1076 2000 1378 2055 .interpretum‚
1422 2000 1581 2041 illarum

1149 2076 1174 2092 57

296 2076 528 2130 linguarum
569 2084 631 2117 est
668 2075 851 2129 cognitio
897 2075 1142 2116 necessaria.
1247 2075 1405 2116 Eodem
1448 2075 1583 2117 animo

299 2151 437 2192 scribit
475 2151 764 2192 celeberrimus
806 2160 970 2192 sanctus
1008 2152 1133 2192 Pater
1172 2154 1221 2192 ad
1265 2151 1581 2205 Hieronymum,

296 2227 523 2279 linguarum
548 2235 663 2268 aetate
688 2226 1007 2281 peritissimum:
1056 2230 1082 2245 “
1099 2236 1217 2268 tantae
1252 2236 1387 2269 autem
1412 2228 1508 2269 mihi
1543 2228 1582 2269 in

361 2462 379 2481 ἦ
409 2459 540 2495 Cicero
575 2458 758 2494 Academ.
790 2457 934 2501 Quaest.
964 2458 1006 2493 L.
1020 2458 1070 2494 iv.
1091 2464 1123 2496 2.
1156 2471 1190 2505 p.
1208 2462 1273 2499 27.
1309 2465 1344 2494 et
1372 2458 1408 2493 in
1443 2461 1583 2497 Catone

298 2520 392 2569 Maj.
413 2521 456 2556 de
477 2520 620 2557 Senect.
646 2525 679 2555 1.
708 2533 743 2567 p.
761 2524 852 2563 944.
881 2520 925 2556 T.
946 2520 1015 2556 IV.
1045 2521 1143 2557 Edit.
1164 2521 1307 2557 Ernest.

365 2602 386 2639 †
415 2598 511 2644 Aug.
542 2596 584 2631 L.
602 2595 636 2633 ii.
667 2595 708 2631 de
741 2595 870 2633 Doctr.
890 2595 1028 2634 Christ.
1057 2600 1140 2639 c.9.
1160 2593 1274 2633 n.'16.
1304 2596 1388 2636 edit.
1420 2596 1581 2633 Maurin.

298 2662 342 2698 T.
360 2660 429 2698 HI.
459 2673 493 2708 p.
511 2663 573 2697 23.
604 2658 672 2697 col.
690 2664 726 2697 2.
