1915 3293
885 349 947 394 33

260 472 453 513 memoria
479 486 619 512 eornm
645 470 890 511 admirabilis
917 482 991 516 est.
1031 483 1070 513 et
1106 472 1204 527 ipsis
1230 487 1305 517 res,
1333 473 1430 512 olim
1459 489 1552 527 per-

266 558 422 603 ceptas,
471 556 631 601 promte
681 555 720 587 et
767 546 940 588 fideliter
981 547 1178 602 suggerit3
1223 549 1272 588 de
1310 549 1431 588 rebus
1471 564 1562 588 vero

268 624 381 664 novis
433 622 636 678 judicium
681 639 819 664 eorum
871 640 950 664 non
997 624 1140 679 inagis,
1185 640 1306 679 quani
1349 624 1560 672 memoria,

265 697 391 744 valet;
430 706 614 738 recenter
634 698 742 738 enim
764 698 924 738 inventa
949 709 988 739 et
1012 698 1207 746 instituta,
1232 699 1355 740 etiam
1391 699 1560 753 optima.

262 773 503 827 plerumque.
546 775 752 820 damnant,
795 771 901 813 sicut
938 789 1086 826 rerum,
1125 790 1225 830 quas
1272 774 1312 815 in
1354 783 1564 815 senectute

261 859 548 904 perceperunt,
589 848 707 890 facile
750 847 1182 891 obliviscuntur.—Id
1223 852 1356 892 solum
1395 850 1561 891 veritate

261 924 411 973 nititur,
439 927 638 981 quosdam
663 926 793 966 valere
829 926 1036 974 memoria,
1067 942 1143 968 nec
1167 937 1306 969 tamen
1331 944 1450 983 pares
1489 929 1562 968 ha-

260 1002 357 1040 bere
383 999 482 1040 vires
500 998 663 1054 judicii,
688 998 784 1054 quia
805 1009 941 1040 carent
959 1000 1029 1042 illo
1045 1011 1207 1055 promto
1228 1002 1374 1043 mentis
1399 1002 1559 1053 intuitu,

262 1087 344 1127 quo
369 1086 463 1112 mox
501 1071 651 1118 omnia,
685 1087 776 1126 quae
810 1072 1007 1113 memoria
1048 1073 1165 1123 sistit,
1198 1073 1565 1128 circumspice-rent

262 1158 303 1190 et
341 1149 764 1203 compararent.—-Id
796 1165 919 1190 omne
956 1150 1172 1191 confirmat
1205 1150 1454 1205 experientia
1489 1167 1562 1205 per

262 1224 488 1265 universam
515 1223 736 1276 historiam,
762 1240 851 1280 quae
878 1227 928 1266 de
954 1225 1139 1266 maximis
1174 1226 1355 1280 regibus,
1386 1230 1561 1281 impera-

262 1298 433 1346 toribus,
455 1307 495 1338 et
516 1298 699 1345 eruditis,
723 1314 896 1353 quorum
913 1300 1121 1355 judic-iuni
1144 1300 1184 1340 in
1210 1300 1333 1354 gestis
1356 1310 1396 1341 et
1421 1301 1563 1355 operi—

259 1377 335 1415 bus
361 1373 620 1425 admiramur,
645 1374 843 1429 praedicat
863 1377 1108 1431 stupendam
1135 1376 1388 1418 memoriam.
1452 1376 1564 1418 Nota

261 1458 366 1500 sunt,
393 1465 482 1504 quae
515 1449 680 1491 historia
704 1452 826 1492 refert
862 1452 911 1492 de
947 1452 1144 1493 memoria
1179 1451 1290 1505 Cyri,
1326 1452 1561 1494 Artaxerxis

264 1524 518 1576 Mnemonis‚
576 1525 883 1577 Themistoclis,
929 1527 1198 1575 Mithridatis,
1249 1528 1476 1584 Scipionis,
1524 1539 1564 1570 et

261 1600 461 1642 Hadriani
487 1599 674 1642 Caesaris.
737 1600 886 1643 Cicero
925 1618 1090 1658 quoque
1128 1613 1309 1655 testatur,
1335 1604 1560 1646 Lucullum

258 1676 298 1717 in
331 1675 441 1717 bello
479 1675 764 1717 Mithridatico
808 1677 1043 1732 opinionem
1088 1678 1269 1720 omnium
1306 1679 1464 1732 vicisse,
1507 1697 1559 1722 vac

259 1750 481 1792 maximum
519 1751 808 1806 imperatorem
849 1754 1043 1800 celebrat,
1081 1762 1123 1793 et
1162 1754 1360 1795 rationem
1403 1756 1557 1796 reddit:

257 1826 400 1868 habuit
438 1827 542 1867 enim
581 1825 762 1867 divinam
797 1827 1006 1882 quandam
1040 1829 1276 1870 memoriam
1301 1835 1560 1871 rerum*.—

258 1902 479 1944 Observari
525 1918 690 1958 quoque
736 1903 917 1957 quotidie
959 1903 1070 1951 licet,
1117 1904 1238 1953 viros,
1290 1905 1359 1961 qui
1399 1905 1558 1961 judicio

259 1978 481 2029 excellunt,
510 1980 619 2018 bona
646 1994 812 2033 quoque
847 1978 1044 2019 memoria
1077 1978 1269 2033 praeditos
1306 1995 1420 2030 esse;
1463 1989 1503 2021 et
1535 1996 1558 2020 e

259 2053 464 2096 contrario
501 2069 586 2101 eos,
619 2053 689 2109 qui
729 2053 927 2094 memoria
950 2053 1082 2094 minus
1120 2056 1265 2102 valent,
1295 2054 1414 2096 etiam
1442 2054 1559 2110 judi-

259 2130 323 2173 cio
372 2129 574 2180 deficere;
616 2138 737 2184 atque
785 2131 985 2184 quosdam
1024 2129 1162 2181 etiam,
1204 2130 1274 2185 qui
1315 2133 1425 2171 bona
1466 2140 1560 2172 sunt

260 2204 471 2254 memoria,
502 2203 662 2260 judicio
687 2215 825 2246 tamen
845 2204 980 2246 minus
1001 2204 1147 2253 valere,
1174 2221 1342 2260 prorsus
1366 2215 1412 2248 ut
1436 2223 1559 2263 supra

252 2298 302 2323 ex
328 2290 472 2323 natura
497 2281 553 2322 rei
579 2280 845 2322 ostendimus.

325 2357 689 2404 Quemadmodum
715 2366 851 2398 autem
874 2358 1136 2413 experientia,
1161 2377 1255 2403 cum
1278 2362 1433 2404 ratione
1457 2379 1555 2405 con-

627 2482 1072 2495 eemaemaeaeutumme
1078 2486 1190 2497 ”ene

325 2549 345 2568 ³*
374 2545 454 2582 Cic.
477 2545 521 2583 L.
540 2546 590 2584 iv.
622 2547 742 2585 Acad.
768 2548 913 2592 Quaest.
934 2562 968 2586 n.
991 2554 1025 2588 1.
1056 2563 1092 2598 p.
1107 2555 1171 2588 25.
1203 2556 1240 2587 et
1258 2551 1302 2588 de
1318 2552 1498 2590 Senectut.
1519 2550 1556 2592 6.

260 2607 321 2644 vel
341 2612 406 2645 21.
425 2619 469 2645 ac
490 2613 525 2646 8.
546 2609 607 2647 vel
627 2609 689 2648 26.
709 2624 744 2659 p.
762 2615 853 2654 950.
872 2614 964 2655 952.
990 2612 1099 2652 Tom.
1118 2613 1190 2652 IV.
1208 2615 1314 2653 Conf.
1337 2615 1553 2660 Quintilian.

261 2670 305 2710 L.
322 2671 358 2710 ii.
383 2670 522 2710 Plinius
543 2672 594 2710 H.
609 2673 659 2712 N.
678 2674 720 2711 L.
737 2679 772 2717 7.
793 2689 824 2713 c.
841 2679 905 2714 24.
927 2675 1057 2713 Senec.
1079 2676 1256 2717 Controv.
1279 2678 1321 2717 L.
1337 2678 1360 2718 i.

897 2760 917 2785 8
