1915 3293
922 381 977 427 10

283 517 370 543 rum
396 502 642 556 cognitione,
665 503 835 544 discerni
858 518 938 543 non
964 512 1149 558 possunt,
1176 503 1343 545 alioruin
1370 511 1502 544 autem
1529 504 1578 544 de

281 576 326 618 iis
343 577 501 632 judicio
528 577 611 628 niti,
637 594 687 618 ne
711 577 860 627 dicam,
885 577 1076 631 theologo
1101 578 1307 632 indignum
1334 594 1436 629 esse,
1470 587 1578 619 certe

283 666 362 691 non
389 652 556 703 sufficit3
595 653 761 694 haerebit
785 652 906 703 enim,
934 652 1092 707 quoties
1117 653 1317 694 versiones
1342 670 1421 694 non
1449 656 1580 695 solum

282 726 423 778 verbis,
463 729 533 768 sed
558 728 676 786 etiam
705 744 822 769 sensu
847 728 1092 783 discrepant,
1123 730 1232 783 quod
1258 729 1420 771 minime
1446 746 1577 771 rarum

283 811 355 843 est.

348 867 535 909 Fortasse
564 878 741 910 mentem
780 870 1007 924 aliquorum
1045 868 1151 909 subit
1186 867 1393 922 cogitatio,
1428 868 1577 909 versio·

280 957 351 981 nes
391 944 527 996 plures
562 944 736 984 conferri
776 959 911 998 posse,
955 944 1066 998 quod
1105 944 1192 998 jam
1236 941 1331 982 olim
1380 940 1579 994 Origenes

281 1031 520 1070 promovere
558 1017 711 1058 studuit
754 1033 827 1072 per
871 1017 1078 1071 Hexapla‚
1119 1025 1162 1057 ut
1198 1016 1338 1057 scribit
1375 1015 1580 1068 Hierony-

283 1107 373 1132 mus
428 1108 436 1132 :
486 1092 727 1146 “Origenes
770 1108 850 1133 non
893 1092 1024 1133 solum
1061 1091 1312 1146 exemplaria
1348 1090 1584 1144 composuit

285 1168 311 1183 “
339 1175 514 1221 quatuor
549 1167 775 1208 editionum
817 1167 1098 1217 (versionum),
1144 1183 1165 1206 e
1212 1167 1377 1219 regione
1422 1165 1581 1220 singula

286 1245 311 1259 ‘a

341 1244 462 1283 verba
492 1243 751 1302 describens,
778 1252 822 1283 ut
845 1258 948 1283 unus
980 1242 1225 1283 dissentiens
1251 1241 1387 1282 statim
1424 1242 1581 1283 caeteris

284 1320 310 1334 “
338 1317 690 1358 consentientibus
731 1318 1192 1371 arguatur.''-—Verum
1232 1317 1355 1357 etiam
1395 1316 1583 1357 collatio-

281 1409 374 1435 nem
409 1394 644 1450 hujusmodi
680 1394 847 1435 minime
885 1395 1086 1442 sufficere,
1114 1395 1203 1449 jam
1247 1393 1358 1441 vidit,
1399 1393 1581 1434 celeber-

282 1470 407 1511 rimus
453 1471 811 1517 Montfauconius‚
855 1471 925 1526 qui
961 1470 1124 1511 scribit:
1178 1471 1308 1511 “haec
1348 1468 1431 1510 veri
1468 1484 1581 1510 asse—

285 1548 312 1562 “
338 1546 489 1600 quendi
530 1545 605 1594 via,
648 1546 803 1587 incerta
840 1562 949 1600 saepe
985 1558 1061 1593 est,
1100 1561 1175 1586 nec
1213 1545 1355 1586 erroris
1398 1543 1582 1598 periculo

287 1624 314 1639 (t

342 1630 481 1672 vacat;
524 1622 765 1676 plerumque
804 1621 912 1662 enim
945 1621 1107 1669 accidit,
1147 1629 1204 1668 ut,
1243 1620 1328 1661 aliis
1360 1636 1382 1660 a
1407 1635 1501 1659 vero
1532 1617 1581 1658 li-

287 1696 437 1737 “mite
480 1697 811 1743 deflectentibus,
845 1713 948 1738 unus
981 1711 1215 1750 germanam
1251 1694 1427 1735 auctoris
1467 1708 1583 1734 men-

286 1773 313 1788 “
339 1780 421 1811 tem
451 1771 652 1825 exprimat
671 1771 745 1818 †.''

354 1843 401 1883 In
437 1859 558 1899 quam
607 1844 792 1897 plurimis
831 1861 994 1900 quoque
1031 1844 1145 1895 locis,
1181 1844 1220 1883 in
1261 1844 1406 1898 quibus
1447 1843 1580 1885 nullus

287 1927 348 1959 est
390 1917 616 1959 versionum
652 1917 871 1970 dissensus,
914 1920 1151 1960 sententiam
1192 1935 1398 1960 sacrorum
1439 1920 1583 1960 autho-

287 2007 388 2040 rum,
427 2006 508 2031 non
551 1992 671 2045 plene
709 1993 908 2047 percipiet
944 1993 1170 2048 linguarum
1210 1993 1395 2047 ignarus;
1451 2010 1583 2050 neque

292 2065 397 2106 enim
432 2064 513 2105 ulla
544 2065 672 2106 versio
708 2067 974 2121 archetypum
1011 2067 1161 2122 ubique
1198 2068 1407 2122 adaequate
1446 2068 1582 2122 expri-

291 2155 399 2181 mere
422 2148 572 2193 potest,
594 2150 715 2193 prout
739 2156 897 2190 omnes,
921 2141 990 2197 qui
1018 2158 1193 2196 unquam
1228 2142 1377 2197 scripta
1400 2142 1439 2182 in
1464 2142 1581 2184 aliam

290 2219 468 2273 linguam
492 2218 795 2270 transtulerunt,
834 2220 1088 2274 profitentur.
1142 2220 1278 2261 Verba
1304 2221 1409 2261 enim
1436 2221 1583 2262 utrius-

292 2311 370 2349 que
413 2293 572 2347 linguae,
610 2293 842 2334 notionibus
879 2293 953 2334 sibi
988 2294 1159 2335 invicem
1200 2310 1282 2335 non
1323 2294 1440 2336 nimis
1475 2311 1583 2350 saepe

294 2373 342 2412 ad
375 2369 566 2410 amussim
601 2372 862 2424 respondent,
889 2372 958 2411 sed
983 2373 1070 2427 jam
1098 2370 1262 2421 latioris,
1290 2372 1377 2425 jam
1404 2371 1583 2413 arctioris

631 2526 1092 2538 eaeaeeoaeaeaeeaeaeeexe‘eernem
1096 2527 1249 2538 eeeeeeee

359 2638 373 2661 b
404 2636 552 2673 Hieron.
575 2635 682 2670 Praof.
712 2635 747 2670 in
766 2635 927 2682 Paralip.

364 2702 376 2739 ’1
417 2698 617 2735 Montfauc.
642 2697 838 2733 Praehmin.
868 2698 901 2732 in
925 2697 1085 2744 Hexapl.
1108 2698 1193 2735 '1‘.1.
1216 2711 1249 2745 p.
1267 2704 1302 2740 ,0.
1338 2699 1428 2734 Nm.
1447 2700 1497 2736 11.
