1915 3293
857 371 914 414 45

247 490 332 531 fieri
380 499 536 545 potest3
596 506 726 545 neque
770 491 874 531 enim
926 507 1019 532 mox
1058 491 1210 544 integra
1248 490 1526 531 Grammatica

246 566 513 607 exhaurienda
537 575 615 615 est,
649 569 759 621 quod
785 567 816 607 si
843 568 902 618 fit,
936 569 1050 608 labor
1085 576 1146 607 est
1181 565 1297 607 nimis
1334 566 1466 607 aridus
1489 576 1530 606 et

246 639 456 686 molestus,
484 649 525 680 et
549 655 695 694 magna
720 651 831 695 parte
858 641 1021 689 inutilis,
1055 641 1148 696 quia
1178 640 1380 681 discentes
1404 640 1528 681 multa

245 715 424 754 nondum
449 714 689 769 intelligunt,
708 725 748 756 et
772 715 1060 771 plerorumque
1083 715 1390 767 obhviscuntur,
1417 726 1528 757 ¹ante-

247 804 368 843 quam
394 789 432 830 in
465 790 793 845 interpretatione
826 793 1015 845 exempla
1040 800 1283 839 occurrant3
1328 790 1534 844 seligenda

245 861 382 917 itaque
409 874 503 904 sunt
537 880 586 904 ex
613 864 896 905 Gramniatica
932 865 1019 906 sola
1055 864 1275 919 praecipua,
1312 878 1400 917 quae
1437 864 1533 904 tiro-

248 937 380 986 nibus,
403 954 485 993 prae
523 938 687 994 reliquis
726 947 819 979 sunt
853 939 1098 986 necessaria,
1132 938 1316 993 inprimis
1348 938 1536 993 paradig-

250 1025 357 1056 mata
404 1016 636 1064 flexionum,
677 1015 956 1069 praetermissis
998 1015 1309 1069 exceptionibus
1358 1024 1398 1055 et
1440 1030 1539 1055 ano-

251 1091 402 1142 maliis;
449 1107 542 1132 nam
575 1101 615 1132 et
651 1092 727 1139 hae,
763 1100 803 1132 et
838 1091 991 1146 reliqua
1031 1089 1366 1131 Grammaticalia
1403 1089 1540 1130 omnia

250 1167 413 1222 privatae
457 1167 640 1217 lectioni,
682 1182 755 1221 pro
793 1166 945 1206 ratione
981 1165 1176 1219 temporis
1214 1175 1253 1206 et
1296 1164 1380 1212 otii,
1423 1179 1539 1204 com-

251 1241 441 1293 mitenda,
477 1252 518 1282 et
551 1241 644 1283 hinc
687 1241 779 1281 inde
812 1240 1146 1295 interpretationi,
1193 1240 1263 1280 ubi
1295 1239 1459 1281 occasio
1498 1254 1540 1279 se

252 1315 386 1366 offert,
423 1316 695 1356 interserenda
728 1324 844 1365 sunt3
884 1315 938 1355 ita
966 1314 1090 1364 enim,
1130 1314 1225 1369 quia
1259 1330 1385 1368 penes
1421 1313 1540 1354 dissi-

253 1389 364 1431 milia
387 1399 621 1441 occurrunt,
648 1398 688 1430 et
719 1388 927 1443 exemplo,
958 1388 998 1429 in
1033 1388 1365 1443 interpretatione
1405 1387 1541 1439 obvio,

255 1465 555 1512 suffulciuntur‚
597 1464 754 1506 felicius
801 1464 996 1504 inhaerent
1049 1463 1267 1505 memoriae.
1335 1463 1543 1504 Continuo

257 1541 326 1581 tali
351 1540 560 1587 exercitio,
587 1540 811 1580 dummodo
848 1539 1044 1593 praedicta
1084 1539 1288 1593 repetitio,
1325 1554 1414 1593 quae
1441 1554 1546 1579 nun-

260 1631 381 1672 quam
408 1615 502 1656 satis
528 1614 805 1656 commendari
826 1623 979 1669 potest,
1008 1629 1088 1654 non
1120 1613 1340 1661 omittatur,
1367 1613 1545 1654 studium

259 1690 487 1744 linguarum
529 1698 638 1730 certe
687 1688 993 1730 difficultatibus
1036 1689 1247 1737 levabitur,
1294 1689 1377 1730 imo
1424 1689 1544 1730 etiam

258 1763 380 1805 facile
404 1765 607 1805 reddetur.

879 1929 996 1976 VII.

328 2068 424 2110 Alia
449 2064 584 2120 magni
607 2062 805 2104 momenti
825 2061 1068 2110 observatio,
1096 2078 1175 2116 qua
1199 2062 1240 2102 in
1264 2078 1348 2102 rem
1373 2071 1550 2104 nostram

263 2143 401 2186 multis
425 2140 558 2182 modis
583 2138 642 2179 uti
666 2153 900 2193 possumus,
938 2145 1015 2187 est,
1054 2138 1179 2192 quod,
1217 2152 1298 2191 quo
1322 2136 1462 2177 fortior
1490 2147 1552 2178 est

266 2217 497 2276 impressio,
550 2231 599 2256 eo
641 2212 822 2254 tenacius
872 2212 1065 2253 inhaereat
1115 2212 1336 2262 memoriae,
1378 2228 1425 2253 ac
1470 2229 1551 2269 quo

260 2293 483 2352 jucundior
517 2300 558 2332 et
594 2288 742 2344 gratior
780 2296 842 2328 est
875 2303 952 2335 reS,
993 2303 1042 2328 eo
1077 2286 1284 2328 fortiorem
1319 2286 1441 2327 faciat
1476 2287 1554 2327 im-

272 2369 535 2426 pressionem·
606 2364 718 2405 Hinc
766 2363 942 2417 primum
986 2363 1262 2418 consequitur,
1307 2364 1554 2417 permultum

274 2447 484 2501 prodesse,
532 2443 563 2484 si
604 2441 750 2494 linguae
786 2439 998 2480 orientales
1046 2439 1164 2480 nobis
1207 2454 1308 2480 carae
1353 2446 1393 2478 et
1433 2448 1553 2492 gratae

276 2521 367 2568 sint,
417 2528 458 2560 et
498 2518 532 2558 si
577 2526 771 2572 praeterea
826 2516 876 2555 ad
915 2514 1290 2570 interpretationem
1338 2513 1556 2567 seligantur

274 2595 414 2646 libelli,
450 2592 520 2648 qui
556 2591 886 2646 complectuntur
917 2606 980 2631 res
1017 2590 1118 2631 scitu
1157 2589 1297 2644 dignas
1332 2597 1372 2630 et
1395 2588 1555 2630 aliunde

275 2670 449 2724 ignotas,
490 2667 553 2709 vel
590 2666 658 2721 qui
695 2674 934 2721 argumento
976 2665 1169 2716 alliciunt,
1213 2673 1282 2706 aut
1321 2664 1554 2707 elocutione
