1915 3293
933 363 962 405 3
968 362 994 403 ἱ)

305 488 461 538 audire,
490 489 638 540 legere,
674 496 724 533 et,
757 494 953 542 quantum
981 485 1075 526 satis
1112 494 1185 531 est,
1212 493 1425 537 repetere3
1474 484 1601 524 nolint

308 562 510 606 memoriae
526 561 755 604 libertatem
776 564 1015 610 concedere,
1037 562 1106 602 sed
1127 559 1268 600 malint
1287 560 1323 600 ei
1338 559 1415 600 vim
1436 559 1596 605 inferro,

304 650 346 681 et
370 638 605 679 memoriter
628 638 835 688 ediscere3
872 640 981 693 quod
1020 637 1147 678 nolint
1175 652 1217 677 se
1253 638 1523 686 assuefacere,
1558 646 1601 677 ut

306 731 420 756 more
451 714 708 769 parvulorum
745 713 912 754 cuilibet
949 729 1047 754 voce
1088 712 1321 753 immediate
1347 728 1431 753 rem
1469 713 1599 767 ipsam

306 800 577 841 connectant3
612 789 785 844 denique
811 790 923 843 quod
947 787 1167 842 generatim
1194 788 1387 828 methodo
1415 803 1601 842 perversa

307 876 481 919 utantur,
511 882 590 922 qua
624 865 800 907 studium
839 866 916 906 hoc
952 881 1033 906 non
1068 874 1223 905 tantum
1255 880 1335 905 non
1374 866 1599 921 adjuvatur,

309 947 381 986 sed
430 944 677 999 permultum
722 943 843 984 etiam
891 943 1322 998 impedium—Quod
1372 952 1508 984 autem
1553 945 1601 984 ad

307 1023 503 1062 docentes
518 1028 690 1075 spectat,
707 1020 904 1067 noverint,
923 1022 1033 1075 quod
1059 1030 1167 1061 recte
1192 1022 1379 1060 observat
1404 1019 1601 1061 Cicerossz

308 1097 338 1112 a

366 1110 448 1135 non
472 1094 604 1136 solum
631 1094 734 1136 scire
773 1095 942 1150 aliquid,
979 1095 1071 1136 artis
1111 1103 1185 1146 est,
1215 1095 1284 1135 sed
1321 1096 1506 1149 quaedam
1544 1111 1604 1134 ars

308 1175 336 1188 “
363 1170 485 1212 etiam
512 1170 737 1212 docendi.''

927 1344 981 1389 V.

380 1460 673 1503 Examinemus
696 1462 783 1516 jam
811 1459 1087 1509 difficultates,
1113 1477 1203 1516 quae
1231 1461 1270 1501 in
1295 1461 1428 1502 studio
1454 1461 1609 1516 lingua-

309 1551 401 1576 rum
447 1533 700 1575 orientalium
747 1542 982 1584 occurrunt,
1031 1542 1070 1574 et
1111 1535 1274 1575 demum
1319 1534 1609 1589 investigemus

309 1627 449 1652 earum
488 1626 671 1658 caussas,
712 1619 754 1651 ut
787 1626 855 1651 eas
892 1609 1050 1658 tollere,
1087 1619 1156 1651 aut
1193 1613 1334 1651 saltem
1371 1610 1609 1651 Immiuuere

313 1687 534 1728 discamus.
580 1687 814 1726 Attestante
839 1686 1094 1741 experientia
1121 1686 1379 1727 difficultates
1400 1697 1493 1727 suut
1511 1695 1609 1728 tres:
1657 1719 1661 1723 .

309 1765 400 1806 duae
432 1763 471 1804 in
498 1762 798 1813 Grammatica,
826 1778 997 1818 quarum
1031 1761 1156 1803 altera
1189 1762 1228 1802 in
1254 1763 1475 1817 peregrinis
1515 1764 1612 1803 cha-

311 1839 534 1881 racteribus
559 1854 630 1879 seu
655 1837 797 1890 literis,
832 1839 957 1878 altera
992 1838 1032 1878 in
1066 1837 1311 1879 flexionibus
1337 1853 1500 1885 vocum,
1526 1854 1613 1878 me-

313 1914 451 1956 mori-ce
475 1912 772 1968 imprimendis,
810 1914 946 1961 haeret,
985 1929 1074 1968 quae
1112 1923 1248 1953 autem
1284 1913 1324 1952 in
1358 1912 1506 1967 linguis
1532 1913 1614 1953 ori-

312 1989 531 2037 entalibus,
569 1988 608 2029 in
653 1988 803 2044 quibus
842 2004 1060 2043 perpaucae
1099 1997 1192 2029 sunt
1227 1988 1441 2037 flexiones,
1483 1990 1613 2030 multo

313 2065 446 2107 minor
481 2073 556 2114 est,
583 2080 705 2119 quam
731 2063 771 2104 in
797 2063 943 2118 linguis
975 2063 1316 2104 occidentalibus.
1378 2064 1613 2105 Difficultas

314 2139 429 2182 tertia
449 2148 512 2180 est
543 2139 582 2180 in
623 2138 761 2193 lingua
784 2138 886 2193 ipsa,
924 2139 1040 2194 cujus
1074 2147 1135 2178 tot
1159 2153 1293 2187 voces,
1327 2153 1436 2193 saepe
1473 2154 1617 2193 parum
1656 2184 1659 2186 ,

312 2214 619 2269 discrepantes;
667 2222 727 2256 tot
763 2229 910 2255 vocum
935 2212 1140 2264 notiones,
1165 2211 1333 2254 diversis
1357 2213 1487 2255 modis
1512 2214 1614 2255 defi-

316 2291 433 2338 nitae;
480 2299 540 2331 tot
566 2290 750 2346 phrases,
778 2291 829 2330 ab
865 2289 1195 2330 occidentalibus
1232 2306 1398 2345 prorsus
1429 2290 1612 2340 diversae,

317 2365 514 2408 memoria
537 2365 756 2407 retinendas
784 2365 965 2407 veniunt.

382 2442 570 2484 Maxima
594 2440 778 2483 omnium
803 2442 944 2482 harum
977 2441 1266 2484 difficultatum
1293 2457 1435 2484 caussa
1472 2444 1615 2496 procul

316 2518 444 2560 dubio
469 2528 529 2574 est
564 2518 631 2560 illa
656 2518 729 2570 vis,
758 2534 880 2575 quam
917 2517 1120 2560 discentes
1151 2518 1356 2560 memoriae
1396 2535 1477 2560 suae
1514 2518 1616 2560 infe-

652 2629 1273 2644 eeeeeeeeeeeeeeeeeeeeeeeeeeeeeeee

514 2698 592 2735 Cic.
615 2699 656 2733 de.
677 2699 763 2745 Leg‚
790 2699 831 2733 L.
849 2699 882 2736 u.
909 2703 968 2741 19,
990 2698 1047 2735 vel
1067 2702 1129 2739 47.
1164 2711 1197 2745 p.
1215 2701 1304 2739 787.
1334 2697 1378 2733 T.
1399 2696 1465 2733 IV.
