1915 3293
911 361 965 407 1‘2

295 484 441 536 siones,
465 486 602 542 quales
637 487 727 538 sint,
763 486 920 528 scilicet
948 490 1009 528 vel
1039 492 1175 539 verba,
1212 488 1271 530 vel
1308 504 1470 530 sensum
1506 505 1572 530 se2

291 562 598 614 quuntur.--Si
637 564 802 603 verbum
839 579 860 602 e
903 564 1025 603 verbo
1061 563 1258 604 redditum
1296 573 1387 604 est:
1436 579 1576 604 omnes

291 636 512 691 singulares
537 638 729 693 loquendi
755 640 955 689 formulae,
977 638 1238 678 orientalibus
1264 639 1451 693 propriae,
1488 654 1577 692 quae

289 720 381 751 sunt
406 713 619 766 permultae
653 712 788 766 magni
811 712 852 753 in
885 712 1089 766 theologia
1126 713 1338 763 momenti,
1374 715 1476 754 adeo
1501 716 1576 754 ob-

286 800 413 826 scurae
451 797 628 839 manent,
664 798 707 828 ut
742 787 938 842 interpres
963 787 1191 842 interpretis
1229 791 1468 843 quaerendus
1503 789 1578 835 sit3

285 870 354 901 aut
377 861 410 905 si
435 863 621 916 neglecta
656 863 943 916 singularitate,
985 865 1094 918 quod
1121 879 1201 905 non
1224 880 1313 904 raro
1343 864 1404 914 fit,
1431 880 1480 905 ex
1516 864 1578 905 in-

281 934 374 975 dole
400 936 546 990 linguae
575 937 730 978 Latinae
757 945 825 977 aut
850 939 1072 978 vernaculae
1109 938 1371 988 aestimentur,
1398 953 1577 988 sensum,

281 1025 303 1049 a
328 1020 462 1051 mente
498 1012 676 1052 authoris
714 1028 880 1066 prorsus
903 1012 1094 1064 alienum,
1121 1015 1319 1061 fundunt:
1363 1028 1578 1053 commen-

280 1084 402 1125 tarius
439 1101 545 1134 vero,
570 1086 609 1126 in
635 1088 901 1141 archetypum
932 1087 1120 1141 scriptus,
1149 1088 1218 1142 qui
1240 1087 1397 1128 consuli
1419 1098 1575 1142 posset,

285 1160 369 1201 sine
419 1161 651 1215 cognitione
698 1162 926 1216 linguarum
970 1178 1046 1204 nec
1091 1162 1341 1216 intelligitur,
1383 1179 1457 1204 nec
1495 1165 1576 1204 vim

280 1236 404 1275 habet
440 1235 960 1290 persuadendi.-—Quodsi
1006 1245 1141 1277 autern
1188 1237 1328 1284 versio,
1377 1237 1572 1291 neglectis

283 1310 425 1358 verbis,
453 1326 615 1351 sensum
642 1309 835 1350 exhibet:
874 1311 951 1350 hoc
980 1310 1071 1364 ipso
1096 1310 1324 1352 turbabitur
1348 1311 1575 1364 linguarum

285 1384 471 1439 ignarus;
513 1401 645 1440 neque
671 1385 777 1425 enim
802 1385 840 1425 in
865 1385 1045 1426 animum
1082 1386 1272 1426 inducere
1299 1386 1460 1441 poterit,
1487 1403 1573 1428 ver-

281 1463 442 1511 borum,
470 1477 559 1515 quae
585 1477 634 1501 ex
669 1460 754 1501 aliis
791 1460 1039 1502 versionibus
1075 1471 1169 1502 nota
1205 1471 1309 1510 sunt,
1348 1464 1455 1503 hunc
1488 1479 1577 1504 esse

283 1553 462 1588 sensum,
492 1554 627 1593 quein,
651 1553 700 1578 ex
737 1537 871 1577 indole
898 1537 1043 1591 linguae
1078 1537 1234 1577 Latinae
1260 1547 1328 1578 aut
1351 1541 1577 1578 vernaculae

282 1612 492 1662 aestimata,
526 1611 690 1652 minime
726 1612 1018 1665 praeseferunt:
1064 1620 1132 1652 aut
1158 1611 1188 1652 si
1209 1611 1424 1665 theologus
1451 1611 1579 1653 credit

282 1687 503 1741 interpreti,
534 1696 668 1728 certus
694 1697 829 1727 tamen
868 1702 947 1726 non
981 1686 1068 1737 erit,
1102 1702 1177 1726 nec
1204 1687 1400 1727 rationem
1425 1687 1578 1728 versio-

282 1763 344 1803 nis
368 1762 455 1816 ipse
487 1761 722 1815 perspiciet,
763 1776 837 1801 nec
864 1760 962 1808 aliis,
985 1760 1054 1816 qui
1078 1760 1285 1815 interpreti
1300 1761 1432 1802 minus
1462 1764 1578 1804 defe-

283 1849 389 1890 runt,
428 1840 594 1879 reddere
631 1837 792 1892 poterit.
850 1838 1044 1878 Attamen
1080 1854 1101 1878 a
1141 1838 1350 1892 theologo,
1384 1854 1460 1879 ceu
1498 1839 1579 1880 viro

289 1914 462 1963 erudito,
494 1915 587 1967 jure
614 1913 797 1966 exigitur,
823 1922 866 1953 ut
889 1912 983 1952 nihil
1020 1922 1186 1962 temere,
1224 1912 1335 1964 nihil,
1372 1915 1490 1968 cujus
1516 1930 1580 1954 ra-

284 1990 436 2030 tionem
461 1989 627 2027 reddere
654 1997 842 2042 nequeat,
878 1988 1049 2028 affirmet
1074 1997 1142 2028 aut
1164 1997 1298 2042 neget.
1357 1989 1470 2033 Quid
1487 1991 1578 2045 jani

282 2064 498 2117 theologus
522 2064 642 2117 hujus
681 2063 837 2116 generis
861 2073 999 2104 nostro
1031 2063 1143 2103 aevo?
1189 2078 1269 2117 quo
1306 2072 1366 2102 tot
1397 2063 1577 2117 quotidie

284 2155 397 2182 novae
439 2139 623 2179 locorum
670 2137 995 2191 gravissimorum
1040 2137 1393 2196 interpretationes
1438 2142 1577 2193 profe-

287 2226 441 2263 runtur,
482 2226 522 2255 et
552 2229 631 2253 non
664 2213 794 2254 solum
831 2213 1043 2266 splendida
1074 2215 1249 2268 quadam
1274 2213 1412 2268 specie
1443 2215 1579 2268 philo-

288 2290 455 2346 sophiae,
498 2291 547 2329 de
585 2305 663 2344 qua
703 2288 805 2329 sacri
842 2287 1060 2342 scriptores
1108 2288 1323 2344 nequidem
1364 2299 1584 2343 potuerunt

289 2368 481 2423 cogitare,
507 2366 767 2412 illustrantur,
805 2366 872 2404 sed
901 2364 1020 2405 etiam
1049 2365 1310 2419 argumentis,
1339 2374 1381 2405 ut
1407 2375 1579 2420 praeten-

291 2445 411 2495 ditur,
435 2459 484 2484 ex
507 2442 644 2483 indole
669 2441 895 2495 linguarum
924 2441 1173 2482 Biblicarutn
1205 2440 1444 2496 depromtis,
1479 2458 1579 2482 con—

289 2521 511 2565 firmantur,
549 2527 592 2557 ut
615 2533 695 2558 non
733 2532 820 2556 raro
856 2515 975 2556 etiam
1006 2516 1076 2567 illi,
1114 2515 1181 2571 qui
1220 2515 1365 2569 linguis
1403 2517 1577 2558 orienta-

285 2596 389 2636 libus
415 2597 518 2634 bene
555 2592 711 2634 subacti
748 2601 854 2641 sunt,
891 2607 969 2632 non
993 2593 1087 2633 'sine
1125 2592 1313 2646 singulari
1347 2593 1569 2634 attentione

290 2684 327 2715 et
349 2671 551 2727 diligentia
580 2671 810 2726 perspicere
837 2670 1004 2723 possint,
1023 2672 1117 2727 quid
1146 2688 1297 2722 verum,
1317 2672 1412 2727 quid
1432 2676 1574 2715 falsum
