1915 3293
948 362 1011 410 48

338 496 503 537 prorsus
527 483 624 525 nihil
650 485 848 530 conferat,
877 485 947 524 sed
973 485 1107 538 potius
1132 499 1327 526 nauseam
1352 491 1476 534 creet,
1503 497 1619 524 men-

338 567 420 599 tem
456 559 626 599 inaniter
663 567 854 612 occupet,
891 567 932 599 et
971 558 1053 598 vim
1092 559 1295 600 memoriae
1336 557 1540 612 infringat,
1577 566 1621 598 ut

337 632 435 672 nihil
471 632 603 673 dicam
643 635 693 673 de
722 635 883 687 jactura
909 632 1122 687 temporiS,
1146 635 1257 687 quod
1291 633 1420 674 inutili
1453 632 1619 687 exposi-

338 705 447 746 tione
470 707 611 747 harum
637 707 913 758 minutiarum,
950 707 1271 761 interpretationi
1296 708 1555 755 subtrahitur,
1581 717 1621 748 et

336 779 531 834 perditur.
595 781 707 822 Hinc
732 782 787 822 vir
812 781 991 836 quipiam
1017 781 1292 832 doctissimus,
1319 782 1436 836 cujus
1460 783 1620 823 metho-

335 860 432 899 dum
455 859 632 900 docendi
656 859 828 913 linguas,
866 861 1078 900 laudarunt
1100 875 1255 908 omnes,
1290 868 1385 914 apte
1419 859 1622 900 consuluit

332 933 598 981 discentibus,
658 943 701 974 ut
756 934 1002 975 auditorium
1062 935 1310 988 linguarum,
1359 936 1470 988 quod
1514 934 1621 976 inani

331 1009 564 1063 hujusmodi
602 1009 857 1063 expositione
899 1019 1075 1060 resonat,
1112 1026 1207 1050 mox
1245 1010 1485 1065 relinquant,
1526 1026 1622 1064 per-

333 1085 453 1135 suasi,
478 1084 542 1125 hic
568 1085 649 1126 loci
675 1102 821 1140 magna
844 1102 939 1126 cum
964 1086 1150 1127 molestia
1176 1103 1319 1141 parum
1346 1087 1445 1128 disci
1470 1103 1607 1142 posse.

399 1159 488 1200 III.
529 1160 777 1215 Ubicunque
812 1161 978 1201 occasio
1007 1177 1048 1202 se
1082 1161 1447 1211 offert,—erudito
1482 1173 1619 1204 autern

332 1231 541 1287 interpreti
564 1250 606 1274 se
632 1250 815 1288 persaepe
849 1235 1336 1285 offert‚-—interserendae
1363 1246 1455 1278 sunt
1478 1241 1619 1278 obser-

335 1307 514 1349 vationes
562 1309 680 1350 utiles
727 1318 767 1350 et
804 1311 1018 1365 jucundae,
1061 1311 1141 1351 sive
1170 1327 1220 1351 ex
1260 1311 1406 1365 linguis
1448 1313 1617 1361 haustae,

333 1381 414 1423 sive
439 1399 487 1423 ex
513 1384 598 1425 aliis
623 1384 860 1438 disciplinis,
886 1385 1133 1440 quibuscum
1169 1386 1373 1441 plerisque
1398 1387 1621 1441 philologia

331 1457 534 1500 orientalis
576 1460 713 1501 multis
742 1460 872 1500 modis
911 1462 1102 1510 cohaeret,
1139 1470 1330 1502 mutuatae
1363 1461 1453 1502 sint.
1508 1462 1618 1503 Nam

330 1546 424 1571 cum
457 1549 569 1575 mens
596 1534 870 1575 notationibus
894 1534 970 1582 his,
997 1537 1094 1575 dum
1124 1535 1414 1589 inexspectatae
1440 1534 1618 1587 veniunt,

329 1604 432 1645 miro
457 1607 581 1645 modo
617 1606 810 1657 reficitur,
838 1606 956 1648 simul
990 1607 1047 1648 eis
1080 1608 1207 1649 nectit
1238 1609 1426 1650 notiones
1453 1625 1615 1658 vocum,

330 1694 417 1734 quae
443 1680 661 1722 retinendae
686 1691 794 1734 sunt,
819 1692 941 1738 atque
977 1683 1031 1724 ita
1056 1693 1245 1738 utrasque
1282 1685 1439 1726 felicius
1473 1695 1615 1727 servat.

328 1753 668 1796 Grammaticales
693 1757 813 1813 hujus
847 1758 1004 1811 generis
1038 1759 1342 1800 observationes
1365 1776 1447 1800 non
1473 1776 1616 1815 paucae

329 1829 423 1870 huic
450 1839 587 1871 nostro
611 1831 715 1872 libro
738 1830 896 1873 insertoe
921 1842 1027 1881 sunt,
1067 1833 1123 1873 uti
1158 1835 1208 1874 de
1231 1833 1423 1887 primaeva
1453 1835 1620 1876 charac-

330 1912 460 1945 terum
496 1906 636 1959 figura,
675 1917 716 1947 et
749 1908 799 1947 de
835 1907 1075 1948 successivis
1116 1924 1255 1949 eorum
1298 1909 1617 1962 mutationibus3

329 1981 378 2020 de
406 1979 604 2034 primaevis
634 1981 930 2022 Pronominum
964 1982 1128 2035 formis3
1175 1985 1225 2024 de
1254 1984 1429 2025 flexione
1454 1986 1617 2027 Verbo-

326 2068 431 2104 rum,
457 2069 504 2093 ex
538 2054 856 2096 Pronominibus
889 2055 1171 2110 personalibus
1207 2057 1408 2108 desumta,
1433 2060 1508 2099 &c.
1567 2059 1616 2100 In

324 2126 656 2181 interpretatione
693 2129 902 2170 thesaurus
934 2130 1185 2182 eruditionis,
1218 2148 1300 2187 quo
1326 2133 1524 2175 ditissimo
1553 2135 1615 2175 in-

327 2210 503 2244 structus
542 2204 593 2245 sit
631 2204 700 2259 qui
738 2205 896 2259 linguas
935 2207 1069 2254 docet,
1112 2207 1230 2249 utiles
1266 2225 1387 2264 quam
1423 2211 1615 2265 plurimas

324 2278 628 2319 observationes
653 2280 945 2335 suppeditabit.
1002 2282 1050 2322 In
1071 2283 1295 2324 subsidium
1320 2284 1440 2326 etiam
1465 2287 1615 2340 passim

326 2353 461 2393 vocari
485 2363 622 2408 potest
645 2355 849 2410 indagatio
879 2356 919 2397 in
945 2357 1180 2411 primaevam
1213 2375 1360 2401 vocum
1390 2363 1613 2415 notionem,

326 2435 365 2466 et
408 2426 694 2469 derivationem
742 2431 955 2472 notionum
998 2433 1180 2482 aliarum,
1227 2444 1295 2475 aut
1339 2434 1378 2474 in
1419 2435 1615 2490 originem

326 2502 546 2556 phrasium,
573 2521 662 2560 quae
687 2521 709 2546 a
733 2516 871 2547 nostro
898 2523 972 2548 usu
996 2507 1191 2564 loquendi
1216 2509 1377 2564 longius
1402 2513 1612 2554 recedunt.

327 2574 407 2615 Hae
444 2586 579 2618 autem
617 2595 871 2636 quaecunque
908 2583 1221 2633 observationes,
1263 2600 1339 2625 nec
1377 2583 1494 2626 nimis
1533 2587 1616 2627 fre·

328 2661 512 2706 fluentem,
562 2671 637 2697 nec
683 2656 853 2698 fusiores
902 2657 991 2707 sint,
1036 2675 1164 2714 neque
1208 2676 1334 2716 usque
1376 2663 1424 2702 ad
1471 2678 1611 2704 omnes
